%% LRR sample bibtex file
@STRING{classical-and-quantum-gravity="Class.~Quantum~Grav." }
@STRING{physical-review="Phys.~Rev." }
@STRING{physical-review-d="Phys.~Rev.~D" }
@STRING{living-reviews="Living~Rev.~Rel." }
@STRING{physical-review-letters="Phys.~Rev.~Lett." }
@STRING{astrophysical-journal="Astrophys.~J." }
@STRING{astrophysical-journal-letters="Astrophys.~J.~Lett." }
@STRING{monthly-notices-of-the-ras="Mon. Not. R. Astron Soc." }

@article{Smith-Thrane:2019,
  title = {Optimal Search for an Astrophysical Gravitational-Wave Background},
  author = {Smith, Rory and Thrane, Eric},
  journal = {Phys. Rev. X},
  volume = {8},
  issue = {2},
  pages = {021019},
  numpages = {18},
  year = {2018},
  month = {Apr},
  publisher = {American Physical Society},
  doi = {10.1103/PhysRevX.8.021019},
  url = {https://link.aps.org/doi/10.1103/PhysRevX.8.021019}
}

@ARTICLE{Kass-Raftery:1995,
   author = {{Kass}, Robert E. and {Raftery}, Adrian E.},
    title = "{Bayes Factors}",
  journal = {Journal of the American Statistical Association},
 keywords = {Bayesian hypothesis tests; BIC; Importance sampling; Laplace method; Markov
             chain Monte Carlo; Model selection; Monte Carlo integration; Posterior 
             model probabilities; Posterior odsds; Quadrature; Schwarz criterion;
             Sensitivity analysis; Strength of evidence},
     year = 1995,
    month = jun,
   volume = 90,
   number = 430,
    pages = {773-795},
      doi = {10.2307/2291091}
}

@ARTICLE{vanHaasteren-Vallisneri:2015,
   author = {{van Haasteren}, R. and {Vallisneri}, M.},
    title = "{Low-rank approximations for large stationary covariance matrices, as used in the Bayesian and generalized-least-squares analysis of pulsar-timing data}",
  journal = {\mnras},
archivePrefix = "arXiv",
   eprint = {1407.6710},
 primaryClass = "astro-ph.IM",
 keywords = {gravitational waves, methods: data analysis, pulsars: general},
     year = 2015,
    month = jan,
   volume = 446,
    pages = {1170-1174},
      doi = {10.1093/mnras/stu2157},
   adsurl = {http://adsabs.harvard.edu/abs/2015MNRAS.446.1170V},
  adsnote = {Provided by the SAO/NASA Astrophysics Data System}
}

@ARTICLE{vanHaasteren-Vallisneri:2014,
   author = {{van Haasteren}, R. and {Vallisneri}, M.},
    title = "{New advances in the Gaussian-process approach to pulsar-timing data analysis}",
  journal = {\prd},
archivePrefix = "arXiv",
   eprint = {1407.1838},
 primaryClass = "gr-qc",
 keywords = {Gravitational waves: theory, Relativity and gravitation, Pulsars},
     year = 2014,
    month = nov,
   volume = 90,
   number = 10,
      eid = {104012},
    pages = {104012},
      doi = {10.1103/PhysRevD.90.104012},
   adsurl = {http://adsabs.harvard.edu/abs/2014PhRvD..90j4012V},
  adsnote = {Provided by the SAO/NASA Astrophysics Data System}
}

@ARTICLE{Taylor-et-al:2016b,
   author = {{Taylor}, S.~R. and {Lentati}, L. and {Babak}, S. and {Brem}, P. and 
	{Gair}, J.~R. and {Sesana}, A. and {Vecchio}, A.},
    title = "{All correlations must die: Assessing the significance of a stochastic gravitational-wave background in pulsar-timing arrays}",
  journal = {ArXiv e-prints},
archivePrefix = "arXiv",
   eprint = {1606.09180},
 primaryClass = "astro-ph.IM",
 keywords = {Astrophysics - Instrumentation and Methods for Astrophysics, General Relativity and Quantum Cosmology, High Energy Physics - Experiment},
     year = 2016,
    month = jun,
   adsurl = {http://adsabs.harvard.edu/abs/2016arXiv160609180T},
  adsnote = {Provided by the SAO/NASA Astrophysics Data System}
}

@ARTICLE{Taylor-et-al:2016a,
   author = {{Taylor}, S.~R. and {Vallisneri}, M. and {Ellis}, J.~A. and 
	{Mingarelli}, C.~M.~F. and {Lazio}, T.~J.~W. and {van Haasteren}, R.
	},
    title = "{Are We There Yet? Time to Detection of Nanohertz Gravitational Waves Based on Pulsar-timing Array Limits}",
  journal = {\apjl},
archivePrefix = "arXiv",
   eprint = {1511.05564},
 primaryClass = "astro-ph.IM",
 keywords = {gravitational waves, methods: data analysis, pulsars: general},
     year = 2016,
    month = mar,
   volume = 819,
      eid = {L6},
    pages = {L6},
      doi = {10.3847/2041-8205/819/1/L6},
   adsurl = {http://adsabs.harvard.edu/abs/2016ApJ...819L...6T},
  adsnote = {Provided by the SAO/NASA Astrophysics Data System}
}

@ARTICLE{Cornish-Sampson:2016,
   author = {{Cornish}, N.~J. and {Sampson}, L.},
    title = "{Towards robust gravitational wave detection with pulsar timing arrays}",
  journal = {\prd},
archivePrefix = "arXiv",
   eprint = {1512.06829},
 primaryClass = "gr-qc",
     year = 2016,
    month = may,
   volume = 93,
   number = 10,
      eid = {104047},
    pages = {104047},
      doi = {10.1103/PhysRevD.93.104047},
   adsurl = {http://adsabs.harvard.edu/abs/2016PhRvD..93j4047C},
  adsnote = {Provided by the SAO/NASA Astrophysics Data System}
}

@ARTICLE{Kamionkowski-Kovetz:2015,
   author = {{Kamionkowski}, M. and {Kovetz}, E.~D.},
    title = "{The Quest for B Modes from Inflationary Gravitational Waves}",
  journal = {ArXiv e-prints},
archivePrefix = "arXiv",
   eprint = {1510.06042},
 keywords = {Astrophysics - Cosmology and Nongalactic Astrophysics, General Relativity and Quantum Cosmology, High Energy Physics - Phenomenology, High Energy Physics - Theory},
     year = 2015,
    month = oct,
   adsurl = {http://adsabs.harvard.edu/abs/2015arXiv151006042K},
  adsnote = {Provided by the SAO/NASA Astrophysics Data System}
}

@article{doi:10.1080/01621459.1954.10501232,
author = { T. W.   Anderson  and  D. A.   Darling },
title = {A Test of Goodness of Fit},
journal = {Journal of the American Statistical Association},
volume = {49},
number = {268},
pages = {765-769},
year = {1954},
doi = {10.1080/01621459.1954.10501232},
URL = { 
        http://www.tandfonline.com/doi/abs/10.1080/01621459.1954.10501232
},
eprint = { 
        http://www.tandfonline.com/doi/pdf/10.1080/01621459.1954.10501232
}
}

@article{Aasi:2014zwg,
      author         = "Aasi, J. and others",
      title          = "{Improved Upper Limits on the Stochastic
                        Gravitational-Wave Background from 2009Ð2010 LIGO and
                        Virgo Data}",
      collaboration  = "VIRGO, LIGO Scientific",
      journal        = "Phys. Rev. Lett.",
      volume         = "113",
      year           = "2014",
      number         = "23",
      pages          = "231101",
      doi            = "10.1103/PhysRevLett.113.231101",
      eprint         = "1406.4556",
      archivePrefix  = "arXiv",
      primaryClass   = "gr-qc",
      SLACcitation   = "%%CITATION = ARXIV:1406.4556;%%"
}

@ARTICLE{2015Sci...349.1522S,
   author = {{Shannon}, R.~M. and {Ravi}, V. and {Lentati}, L.~T. and {Lasky}, P.~D. and 
	{Hobbs}, G. and {Kerr}, M. and {Manchester}, R.~N. and {Coles}, W.~A. and 
	{Levin}, Y. and {Bailes}, M. and {Bhat}, N.~D.~R. and {Burke-Spolaor}, S. and 
	{Dai}, S. and {Keith}, M.~J. and {Os{\l}owski}, S. and {Reardon}, D.~J. and 
	{van Straten}, W. and {Toomey}, L. and {Wang}, J.-B. and {Wen}, L. and 
	{Wyithe}, J.~S.~B. and {Zhu}, X.-J.},
    title = "{Gravitational waves from binary supermassive black holes missing in pulsar observations}",
  journal = {Science},
archivePrefix = "arXiv",
   eprint = {1509.07320},
     year = 2015,
    month = sep,
   volume = 349,
    pages = {1522-1525},
      doi = {10.1126/science.aab1910},
   adsurl = {http://adsabs.harvard.edu/abs/2015Sci...349.1522S},
  adsnote = {Provided by the SAO/NASA Astrophysics Data System}
}


@article{Lentati:2015qwp,
      author         = "Lentati, L. and others",
      title          = "{European Pulsar Timing Array Limits On An Isotropic
                        Stochastic Gravitational-Wave Background}",
      journal        = "Mon. Not. Roy. Astron. Soc.",
      volume         = "453",
      year           = "2015",
      number         = "3",
      pages          = "2576-2598",
      doi            = "10.1093/mnras/stv1538",
      eprint         = "1504.03692",
      archivePrefix  = "arXiv",
      primaryClass   = "astro-ph.CO",
      SLACcitation   = "%%CITATION = ARXIV:1504.03692;%%"
}

@article{Arzoumanian:2015liz,
      author         = "Arzoumanian, Z. and others",
      title          = "{The NANOGrav Nine-year Data Set: Limits on the Isotropic
                        Stochastic Gravitational Wave Background}",
      collaboration  = "NANOGrav",
      journal        = "Astrophys. J.",
      volume         = "821",
      year           = "2016",
      number         = "1",
      pages          = "13",
      doi            = "10.3847/0004-637X/821/1/13",
      eprint         = "1508.03024",
      archivePrefix  = "arXiv",
      primaryClass   = "astro-ph.GA",
      SLACcitation   = "%%CITATION = ARXIV:1508.03024;%%"
}

@article{Abbate:2003stu,
      author         = "Abbate, Salvatore F. and others",
      title          = "{The Cassini gravitational wave experiment}",
      booktitle      = "{Proceedings, Gravitational-wave detection}",
      journal        = "Proc. SPIE Int. Soc. Opt. Eng.",
      volume         = "4856",
      year           = "2003",
      pages          = "90-97",
      doi            = "10.1117/12.458566",
      SLACcitation   = "%%CITATION = PSISD,4856,90;%%"
}

@article{lrr-2006-1,
  title    = {Low-Frequency Gravitational Wave Searches Using Spacecraft Doppler Tracking},
  author   = {John W. Armstrong},
  journal  = {Living Reviews in Relativity},
  year     = {2006},
  number   = {1},
  volume   = {9},
  keywords = {Cassini, Doppler stability, Doppler tracking, frequency stability, gravitational wave detectors, radio},
  doi      = {10.1007/lrr-2006-1},
  url      = {http://www.livingreviews.org/lrr-2006-1}
}

@article{Agashe:2014kda,
      author         = "Olive, K. A. and others",
      title          = "{Review of Particle Physics}",
      collaboration  = "Particle Data Group",
      journal        = "Chin. Phys.",
      volume         = "C38",
      year           = "2014",
      pages          = "090001",
      doi            = "10.1088/1674-1137/38/9/090001",
      SLACcitation   = "%%CITATION = CHPHD,C38,090001;%%"
}

@article{Lasky:2015lej,
      author         = "Lasky, Paul D. and others",
      title          = "{Gravitational-wave cosmology across 29 decades in
                        frequency}",
      journal        = "Phys. Rev.",
      volume         = "X6",
      year           = "2016",
      number         = "1",
      pages          = "011035",
      doi            = "10.1103/PhysRevX.6.011035",
      eprint         = "1511.05994",
      archivePrefix  = "arXiv",
      primaryClass   = "astro-ph.CO",
      SLACcitation   = "%%CITATION = ARXIV:1511.05994;%%"
}

@article{Turner:1993vb,
      author         = "Turner, Michael S. and White, Martin J. and Lidsey, James E.",
      title          = "{Tensor perturbations in inflationary models as a probe
                        of cosmology}",
      journal        = "Phys. Rev.",
      volume         = "D48",
      year           = "1993",
      pages          = "4613-4622",
      doi            = "10.1103/PhysRevD.48.4613",
      eprint         = "astro-ph/9306029",
      archivePrefix  = "arXiv",
      primaryClass   = "astro-ph",
      reportNumber   = "FERMILAB-PUB-93-069-A, CFPA-TH-93-19, CFPA-93-19",
      SLACcitation   = "%%CITATION = ASTRO-PH/9306029;%%"
}

@article{Ade:2013zuv,
      author         = "Ade, P. A. R. and others",
      title          = "{Planck 2013 results. XVI. Cosmological parameters}",
      collaboration  = "Planck",
      journal        = "Astron. Astrophys.",
      volume         = "571",
      year           = "2014",
      pages          = "A16",
      doi            = "10.1051/0004-6361/201321591",
      eprint         = "1303.5076",
      archivePrefix  = "arXiv",
      primaryClass   = "astro-ph.CO",
      reportNumber   = "CERN-PH-TH-2013-129",
      SLACcitation   = "%%CITATION = ARXIV:1303.5076;%%"
}

@article{Knox:1994qj,
      author         = "Knox, Lloyd and Turner, Michael S.",
      title          = "{Detectability of tensor perturbations through CBR
                        anisotropy}",
      journal        = "Phys. Rev. Lett.",
      volume         = "73",
      year           = "1994",
      pages          = "3347-3350",
      doi            = "10.1103/PhysRevLett.73.3347",
      eprint         = "astro-ph/9407037",
      archivePrefix  = "arXiv",
      primaryClass   = "astro-ph",
      reportNumber   = "FERMILAB-PUB-94-175-A",
      SLACcitation   = "%%CITATION = ASTRO-PH/9407037;%%"
}

@article{Hanson:2013hsb,
      author         = "Hanson, D. and others",
      title          = "{Detection of B-mode Polarization in the Cosmic Microwave
                        Background with Data from the South Pole Telescope}",
      collaboration  = "SPTpol",
      journal        = "Phys. Rev. Lett.",
      volume         = "111",
      year           = "2013",
      number         = "14",
      pages          = "141301",
      doi            = "10.1103/PhysRevLett.111.141301",
      eprint         = "1307.5830",
      archivePrefix  = "arXiv",
      primaryClass   = "astro-ph.CO",
      SLACcitation   = "%%CITATION = ARXIV:1307.5830;%%"
}

@article{Ade:2014xna,
      author         = "Ade, P. A. R. and others",
      title          = "{Detection of $B$-Mode Polarization at Degree Angular
                        Scales by BICEP2}",
      collaboration  = "BICEP2",
      journal        = "Phys. Rev. Lett.",
      volume         = "112",
      year           = "2014",
      number         = "24",
      pages          = "241101",
      doi            = "10.1103/PhysRevLett.112.241101",
      eprint         = "1403.3985",
      archivePrefix  = "arXiv",
      primaryClass   = "astro-ph.CO",
      SLACcitation   = "%%CITATION = ARXIV:1403.3985;%%"
}

@article{Ade:2015tva,
      author         = "Ade, P. A. R. and others",
      title          = "{Joint Analysis of BICEP2/$Keck ?Array$ and $Planck$
                        Data}",
      collaboration  = "BICEP2, Planck",
      journal        = "Phys. Rev. Lett.",
      volume         = "114",
      year           = "2015",
      pages          = "101301",
      doi            = "10.1103/PhysRevLett.114.101301",
      eprint         = "1502.00612",
      archivePrefix  = "arXiv",
      primaryClass   = "astro-ph.CO",
      SLACcitation   = "%%CITATION = ARXIV:1502.00612;%%"
}

@article{Planck:2013jfk,
      author         = "Ade, P. A. R. and others",
      title          = "{Planck 2013 results. XXII. Constraints on inflation}",
      collaboration  = "Planck",
      journal        = "Astron. Astrophys.",
      volume         = "571",
      year           = "2014",
      pages          = "A22",
      doi            = "10.1051/0004-6361/201321569",
      eprint         = "1303.5082",
      archivePrefix  = "arXiv",
      primaryClass   = "astro-ph.CO",
      reportNumber   = "CERN-PH-TH-2013-135",
      SLACcitation   = "%%CITATION = ARXIV:1303.5082;%%"
}

@article{Lyth:1996im,
      author         = "Lyth, David H.",
      title          = "{What would we learn by detecting a gravitational wave
                        signal in the cosmic microwave background anisotropy?}",
      journal        = "Phys. Rev. Lett.",
      volume         = "78",
      year           = "1997",
      pages          = "1861-1863",
      doi            = "10.1103/PhysRevLett.78.1861",
      eprint         = "hep-ph/9606387",
      archivePrefix  = "arXiv",
      primaryClass   = "hep-ph",
      reportNumber   = "LANCASTER-TH-9612",
      SLACcitation   = "%%CITATION = HEP-PH/9606387;%%"
}

@article{Seljak:1996ti,
      author         = "Seljak, Uros",
      title          = "{Measuring polarization in cosmic microwave background}",
      journal        = "Astrophys. J.",
      volume         = "482",
      year           = "1997",
      pages          = "6",
      doi            = "10.1086/304123",
      eprint         = "astro-ph/9608131",
      archivePrefix  = "arXiv",
      primaryClass   = "astro-ph",
      reportNumber   = "CFA-96-8",
      SLACcitation   = "%%CITATION = ASTRO-PH/9608131;%%"
}

@article{Kamionkowski:1996zd,
      author         = "Kamionkowski, Marc and Kosowsky, Arthur and Stebbins,
                        Albert",
      title          = "{A Probe of primordial gravity waves and vorticity}",
      journal        = "Phys. Rev. Lett.",
      volume         = "78",
      year           = "1997",
      pages          = "2058-2061",
      doi            = "10.1103/PhysRevLett.78.2058",
      eprint         = "astro-ph/9609132",
      archivePrefix  = "arXiv",
      primaryClass   = "astro-ph",
      reportNumber   = "CU-TP-767, CAL-615, FERMILAB-PUB-96-327-A",
      SLACcitation   = "%%CITATION = ASTRO-PH/9609132;%%"
}

@article{Seljak:1996gy,
      author         = "Seljak, Uros and Zaldarriaga, Matias",
      title          = "{Signature of gravity waves in polarization of the
                        microwave background}",
      journal        = "Phys. Rev. Lett.",
      volume         = "78",
      year           = "1997",
      pages          = "2054-2057",
      doi            = "10.1103/PhysRevLett.78.2054",
      eprint         = "astro-ph/9609169",
      archivePrefix  = "arXiv",
      primaryClass   = "astro-ph",
      SLACcitation   = "%%CITATION = ASTRO-PH/9609169;%%"
}

@ARTICLE{Alexander-et-al:2006,
   author = {{Alexander}, S.~H. and {Peskin}, M.~E. and {Sheikh-Jabbari}, M.~M.
	},
    title = "{Leptogenesis from Gravity Waves in Models of Inflation}",
  journal = {Physical Review Letters},
   eprint = {hep-th/0403069},
 keywords = {Particle-theory and field-theory models of the early Universe, Wave propagation and interactions, Charge conjugation parity time reversal and other discrete symmetries, Global symmetries},
     year = 2006,
    month = feb,
   volume = 96,
   number = 8,
      eid = {081301},
    pages = {081301},
      doi = {10.1103/PhysRevLett.96.081301},
   adsurl = {http://adsabs.harvard.edu/abs/2006PhRvL..96h1301A},
  adsnote = {Provided by the SAO/NASA Astrophysics Data System}
}

@ARTICLE{Giampieri-Polnarev:1997,
   author = {{Giampieri}, G. and {Polnarev}, A.~G.},
    title = "{Detecting an anisotropic gravitational wave background with a space-borne interferometer}",
  journal = {\mnras},
 keywords = {GRAVITATION, INSTRUMENTATION: INTERFEROMETERS, GALAXY: STRUCTURE},
     year = 1997,
    month = oct,
   volume = 291,
    pages = {149-161},
      doi = {10.1093/mnras/291.1.149},
   adsurl = {http://adsabs.harvard.edu/abs/1997MNRAS.291..149G},
  adsnote = {Provided by the SAO/NASA Astrophysics Data System}
}

@ARTICLE{Ungarelli-Vecchio:2001,
   author = {{Ungarelli}, C. and {Vecchio}, A.},
    title = "{Studying the anisotropy of the gravitational wave stochastic background with LISA}",
  journal = {\prd},
   eprint = {astro-ph/0106538},
 keywords = {Gravitational waves: theory, Gravitational wave detectors and experiments},
     year = 2001,
    month = dec,
   volume = 64,
   number = 12,
    pages = {121501},
      doi = {10.1103/PhysRevD.64.121501},
   adsurl = {http://adsabs.harvard.edu/abs/2001PhRvD..64l1501U},
  adsnote = {Provided by the SAO/NASA Astrophysics Data System}
}

@ARTICLE{Edlund-et-al:2005,
   author = {{Edlund}, J.~A. and {Tinto}, M. and {Kr{\'o}lak}, A. and {Nelemans}, G.
	},
    title = "{Simulation of the white dwarf white dwarf galactic background in the LISA data}",
  journal = {Classical and Quantum Gravity},
   eprint = {gr-qc/0504026},
     year = 2005,
    month = sep,
   volume = 22,
    pages = {S913-S926},
      doi = {10.1088/0264-9381/22/18/S05},
   adsurl = {http://adsabs.harvard.edu/abs/2005CQGra..22S.913E},
  adsnote = {Provided by the SAO/NASA Astrophysics Data System}
}

@ARTICLE{Creighton-et-al:2009,
   author = {{Creighton}, T. and {Jenet}, F.~A. and {Price}, R.~H.},
    title = "{Pulsar Timing and Spacetime Curvature}",
  journal = {\apj},
archivePrefix = "arXiv",
   eprint = {0812.3941},
 keywords = {gravitational waves, pulsars: general},
     year = 2009,
    month = mar,
   volume = 693,
    pages = {1113-1117},
      doi = {10.1088/0004-637X/693/2/1113},
   adsurl = {http://adsabs.harvard.edu/abs/2009ApJ...693.1113C},
  adsnote = {Provided by the SAO/NASA Astrophysics Data System}
}

@ARTICLE{Koop-Finn:2014,
   author = {{Koop}, M.~J. and {Finn}, L.~S.},
    title = "{Physical response of light-time gravitational wave detectors}",
  journal = {\prd},
archivePrefix = "arXiv",
   eprint = {1310.2871},
 primaryClass = "gr-qc",
 keywords = {Gravitational wave detectors and experiments, Wave propagation and interactions, Relativity and gravitation, Gravitational radiation detectors, mass spectrometers, and other instrumentation and techniques},
     year = 2014,
    month = sep,
   volume = 90,
   number = 6,
      eid = {062002},
    pages = {062002},
      doi = {10.1103/PhysRevD.90.062002},
   adsurl = {http://adsabs.harvard.edu/abs/2014PhRvD..90f2002K},
  adsnote = {Provided by the SAO/NASA Astrophysics Data System}
}

@ARTICLE{Sathyaprakash-Schutz:2009,
   author = {{Sathyaprakash}, B.~S. and {Schutz}, B.~F.},
    title = "{Physics, Astrophysics and Cosmology with Gravitational Waves}",
  journal = {Living Reviews in Relativity},
archivePrefix = "arXiv",
   eprint = {0903.0338},
 primaryClass = "gr-qc",
 keywords = {Gravitational waves, Gravitational wave sources, Gravitational wave detectors, Data analysis},
     year = 2009,
    month = mar,
   volume = 12,
      doi = {10.12942/lrr-2009-2},
   adsurl = {http://adsabs.harvard.edu/abs/2009LRR....12....2S},
  adsnote = {Provided by the SAO/NASA Astrophysics Data System}
}

@INPROCEEDINGS{Hellings:1991,
   author = {{Hellings}, R.~W.},
    title = "{Gravitational Wave Detection at Low and Very Low Frequencies}",
booktitle = {The Detection of Gravitational Waves},
     year = 1991,
   editor = {{Blair}, D.~G.},
    pages = {453},
   adsurl = {http://adsabs.harvard.edu/abs/1991dgw..conf..453H},
  adsnote = {Provided by the SAO/NASA Astrophysics Data System}
}

@book{Boas:2006,
  author = {{Boas}, Mary L.},
  editor = {},
  title = {Mathematical Methods in the Physical Sciences, Third Edition},
  publisher = {John Wiley \& Sons, Inc.},
  year = {2006},
  address = {United States of America},
  isbn = {0-471-19826-9},
  series = {},
  volume = {},
}

@book{Hartle:2002,
  author = {{Hartle}, James B.},
  editor = {},
  title = {Gravity: An Introduction to Einstein's General Relativity},
  publisher = {Addison Wesley},
  year = {2002},
  address = {},
  isbn = {0805386629},
  series = {},
  volume = {},
}

@article{Moore:2014eua,
      author         = "Moore, Christopher J. and Taylor, Stephen R. and Gair,
                        Jonathan R.",
      title          = "{Estimating the sensitivity of pulsar timing arrays}",
      journal        = "Class. Quant. Grav.",
      volume         = "32",
      year           = "2015",
      number         = "5",
      pages          = "055004",
      doi            = "10.1088/0264-9381/32/5/055004",
      eprint         = "1406.5199",
      archivePrefix  = "arXiv",
      primaryClass   = "astro-ph.IM",
      SLACcitation   = "%%CITATION = ARXIV:1406.5199;%%"
}

@ARTICLE{Gair-et-al:2013-LRR,
   author = {{Gair}, J.~R. and {Vallisneri}, M. and {Larson}, S.~L. and {Baker}, J.~G.
	},
    title = "{Testing General Relativity with Low-Frequency, Space-Based Gravitational-Wave Detectors}",
  journal = {Living Reviews in Relativity},
archivePrefix = "arXiv",
   eprint = {1212.5575},
 primaryClass = "gr-qc",
 keywords = {General Relativity and Quantum Cosmology, data analysis, black holes, general relativity, gravitation, eLISA, LISA, gravitational waves  },
     year = 2013,
    month = sep,
   volume = 16,
   adsurl = {http://adsabs.harvard.edu/abs/2013LRR....16....7G},
  adsnote = {Provided by the SAO/NASA Astrophysics Data System}
}

@ARTICLE{PPTA:2015-Science,
   author = {{Shannon}, R.~M. and {Ravi}, V. and {Lentati}, L.~T. and {Lasky}, P.~D. and 
	{Hobbs}, G. and {Kerr}, M. and {Manchester}, R.~N. and {Coles}, W.~A. and 
	{Levin}, Y. and {Bailes}, M. and {Bhat}, N.~D.~R. and {Burke-Spolaor}, S. and 
	{Dai}, S. and {Keith}, M.~J. and {Os{\l}owski}, S. and {Reardon}, D.~J. and 
	{van Straten}, W. and {Toomey}, L. and {Wang}, J.-B. and {Wen}, L. and 
	{Wyithe}, J.~S.~B. and {Zhu}, X.-J.},
    title = "{Gravitational waves from binary supermassive black holes missing in pulsar observations}",
  journal = {Science},
archivePrefix = "arXiv",
   eprint = {1509.07320},
     year = 2015,
    month = sep,
   volume = 349,
    pages = {1522-1525},
      doi = {10.1126/science.aab1910},
   adsurl = {http://adsabs.harvard.edu/abs/2015Sci...349.1522S},
  adsnote = {Provided by the SAO/NASA Astrophysics Data System}
}

@ARTICLE{NANOGrav:2016-9year,
   author = {{Arzoumanian}, Z. and {Brazier}, A. and {Burke-Spolaor}, S. and 
	{Chamberlin}, S.~J. and {Chatterjee}, S. and {Christy}, B. and 
	{Cordes}, J.~M. and {Cornish}, N.~J. and {Crowter}, K. and {Demorest}, P.~B. and 
	{Deng}, X. and {Dolch}, T. and {Ellis}, J.~A. and {Ferdman}, R.~D. and 
	{Fonseca}, E. and {Garver-Daniels}, N. and {Gonzalez}, M.~E. and 
	{Jenet}, F. and {Jones}, G. and {Jones}, M.~L. and {Kaspi}, V.~M. and 
	{Koop}, M. and {Lam}, M.~T. and {Lazio}, T.~J.~W. and {Levin}, L. and 
	{Lommen}, A.~N. and {Lorimer}, D.~R. and {Luo}, J. and {Lynch}, R.~S. and 
	{Madison}, D.~R. and {McLaughlin}, M.~A. and {McWilliams}, S.~T. and 
	{Mingarelli}, C.~M.~F. and {Nice}, D.~J. and {Palliyaguru}, N. and 
	{Pennucci}, T.~T. and {Ransom}, S.~M. and {Sampson}, L. and 
	{Sanidas}, S.~A. and {Sesana}, A. and {Siemens}, X. and {Simon}, J. and 
	{Stairs}, I.~H. and {Stinebring}, D.~R. and {Stovall}, K. and 
	{Swiggum}, J. and {Taylor}, S.~R. and {Vallisneri}, M. and {van Haasteren}, R. and 
	{Wang}, Y. and {Zhu}, W.~W. and {The NANOGrav Collaboration}
	},
    title = "{The NANOGrav Nine-year Data Set: Limits on the Isotropic Stochastic Gravitational Wave Background}",
  journal = {\apj},
archivePrefix = "arXiv",
   eprint = {1508.03024},
 keywords = {gravitational waves, methods: data analysis, pulsars: general},
     year = 2016,
    month = apr,
   volume = 821,
      eid = {13},
    pages = {13},
      doi = {10.3847/0004-637X/821/1/13},
   adsurl = {http://adsabs.harvard.edu/abs/2016ApJ...821...13A},
  adsnote = {Provided by the SAO/NASA Astrophysics Data System}
}

@ARTICLE{Michelson:1987,
   author = {{Michelson}, P.~F.},
    title = "{On detecting stochastic background gravitational radiation with terrestrial detectors}",
  journal = {\mnras},
 keywords = {Gravitational Waves, Radiation Measuring Instruments, Signal To Noise Ratios, Stochastic Processes, Terrestrial Radiation, Background Radiation, Interferometry, Spectrum Analysis},
     year = 1987,
    month = aug,
   volume = 227,
    pages = {933-941},
      doi = {10.1093/mnras/227.4.933},
   adsurl = {http://adsabs.harvard.edu/abs/1987MNRAS.227..933M},
  adsnote = {Provided by the SAO/NASA Astrophysics Data System}
}

@ARTICLE{Sazhin:1978,
   author = {{Sazhin}, M.~V.},
    title = "{Opportunities for detecting ultralong gravitational waves}",
  journal = {\sovast},
 keywords = {Binary Stars, Electromagnetic Pulses, Gravitational Waves, Long Wave Radiation, Radiation Detectors, Supermassive Stars, Propagation Modes, Pulsars, Stellar Mass, Supergiant Stars},
     year = 1978,
    month = feb,
   volume = 22,
    pages = {36-38},
   adsurl = {http://adsabs.harvard.edu/abs/1978SvA....22...36S},
  adsnote = {Provided by the SAO/NASA Astrophysics Data System}
}

@ARTICLE{Estabrook-Wahlquist:1975,
   author = {{Estabrook}, F.~B. and {Wahlquist}, H.~D.},
    title = "{Response of Doppler spacecraft tracking to gravitational radiation}",
  journal = {General Relativity and Gravitation},
 keywords = {Doppler Effect, Electromagnetic Wave Transmission, Gravitational Waves, Relativistic Effects, Spacecraft Tracking, Frequency Shift, Plane Waves, Signal Reflection, Spectral Signatures},
     year = 1975,
    month = oct,
   volume = 6,
    pages = {439-447},
      doi = {10.1007/BF00762449},
   adsurl = {http://adsabs.harvard.edu/abs/1975GReGr...6..439E},
  adsnote = {Provided by the SAO/NASA Astrophysics Data System}
}

@ARTICLE{Burke:1975,
   author = {{Burke}, W.~L.},
    title = "{Large-Scale Random Gravitational Waves}",
  journal = {\apj},
     year = 1975,
    month = mar,
   volume = 196,
    pages = {329-334},
      doi = {10.1086/153414},
   adsurl = {http://adsabs.harvard.edu/abs/1975ApJ...196..329B},
  adsnote = {Provided by the SAO/NASA Astrophysics Data System}
}

@ARTICLE{Detweiler:1979,
   author = {{Detweiler}, S.},
    title = "{Pulsar timing measurements and the search for gravitational waves}",
  journal = {\apj},
 keywords = {Cosmology, Gravitational Waves, Pulsars, Time Measurement, Black Holes (Astronomy), Cosmic Rays, Frequency Response, Relativity, Stochastic Processes},
     year = 1979,
    month = dec,
   volume = 234,
    pages = {1100-1104},
      doi = {10.1086/157593},
   adsurl = {http://adsabs.harvard.edu/abs/1979ApJ...234.1100D},
  adsnote = {Provided by the SAO/NASA Astrophysics Data System}
}

@ARTICLE{TheLIGOScientific:2016-O1-rates,
   author = {{The LIGO Scientific Collaboration} and {the Virgo Collaboration} and 
	{Abbott}, B.~P. and {Abbott}, R. and {Abbott}, T.~D. and {Abernathy}, M.~R. and 
	{Acernese}, F. and {Ackley}, K. and {Adams}, C. and {Adams}, T. and et al.},
    title = "{Binary Black Hole Mergers in the first Advanced LIGO Observing Run}",
  journal = {ArXiv e-prints},
archivePrefix = "arXiv",
   eprint = {1606.04856},
 primaryClass = "gr-qc",
 keywords = {General Relativity and Quantum Cosmology, Astrophysics - Cosmology and Nongalactic Astrophysics},
     year = 2016,
    month = jun,
   adsurl = {http://adsabs.harvard.edu/abs/2016arXiv160604856T},
  adsnote = {Provided by the SAO/NASA Astrophysics Data System}
}

@ARTICLE{TheLIGOScientific:2016-network,
   author = {{Abbott}, B.~P. and {Abbott}, R. and {Abbott}, T.~D. and {Abernathy}, M.~R. and 
	{Acernese}, F. and {Ackley}, K. and {Adams}, C. and {Adams}, T. and 
	{Addesso}, P. and {Adhikari}, R.~X. and et al.},
    title = "{Prospects for Observing and Localizing Gravitational-Wave Transients with Advanced LIGO and Advanced Virgo}",
  journal = {Living Reviews in Relativity},
archivePrefix = "arXiv",
   eprint = {1304.0670},
 primaryClass = "gr-qc",
 keywords = {Data analysis, Gravitational-wave detectors, Gravitational waves, Electromagnetic counterparts},
     year = 2016,
    month = feb,
   volume = 19,
      doi = {10.1007/lrr-2016-1},
   adsurl = {http://adsabs.harvard.edu/abs/2016LRR....19....1A},
  adsnote = {Provided by the SAO/NASA Astrophysics Data System}
}

@article{TheLIGOScientific:2016-stochastic,
      author         = "Abbott, B. P. and others",
      title          = "{GW150914: Implications for the stochastic gravitational
                        wave background from binary black holes}",
      collaboration  = "Virgo, LIGO Scientific",
      journal        = "Phys. Rev. Lett.",
      volume         = "116",
      year           = "2016",
      number         = "13",
      pages          = "131102",
      doi            = "10.1103/PhysRevLett.116.131102",
      eprint         = "1602.03847",
      archivePrefix  = "arXiv",
      primaryClass   = "gr-qc",
      reportNumber   = "LIGO-P1500222",
      SLACcitation   = "%%CITATION = ARXIV:1602.03847;%%"
}

@ARTICLE{TheLIGOScientific:2016-parameters,
   author = {{The LIGO Scientific Collaboration} and {the Virgo Collaboration} and 
	{The LIGO Scientific Collaboration} and {the Virgo Collaboration} and 
	{Abbott}, B.~P. and {Abbott}, R. and {Abbott}, T.~D. and {Abernathy}, M.~R. and 
	{Acernese}, F. and {Ackley}, K. and et al.},
    title = "{Properties of the Binary Black Hole Merger GW150914}",
  journal = {ArXiv e-prints},
archivePrefix = "arXiv",
   eprint = {1602.03840},
 primaryClass = "gr-qc",
 keywords = {General Relativity and Quantum Cosmology, Astrophysics - High Energy Astrophysical Phenomena},
     year = 2016,
    month = feb,
   adsurl = {http://adsabs.harvard.edu/abs/2016arXiv160203840T},
  adsnote = {Provided by the SAO/NASA Astrophysics Data System}
}

@ARTICLE{TheLIGOScientific:2016-rates,
   author = {{The LIGO Scientific Collaboration} and {the Virgo Collaboration} and 
	{Abbott}, B.~P. and {Abbott}, R. and {Abbott}, T.~D. and {Abernathy}, M.~R. and 
	{Acernese}, F. and {Ackley}, K. and {Adams}, C. and {Adams}, T. and et al.},
    title = "{The Rate of Binary Black Hole Mergers Inferred from Advanced LIGO Observations Surrounding GW150914}",
  journal = {ArXiv e-prints},
archivePrefix = "arXiv",
   eprint = {1602.03842},
 primaryClass = "astro-ph.HE",
 keywords = {Astrophysics - High Energy Astrophysical Phenomena, General Relativity and Quantum Cosmology},
     year = 2016,
    month = feb,
   adsurl = {http://adsabs.harvard.edu/abs/2016arXiv160203842T},
  adsnote = {Provided by the SAO/NASA Astrophysics Data System}
}

@article{TheLIGOScientific:2014-advancedLIGO,
      author         = "Aasi, J. and others",
      title          = "{Advanced LIGO}",
      journal        = classical-and-quantum-gravity,
      volume         = "32",
      year           = "2015",
      pages          = "074001",
      doi            = "10.1088/0264-9381/32/7/074001",
      eprint         = "1411.4547",
      archivePrefix  = "arXiv",
      primaryClass   = "gr-qc",
      SLACcitation   = "%%CITATION = ARXIV:1411.4547;%%"
}

@article{TheVirgo:2014-advancedVirgo,
      author         = "Acernese, F. and others",
      title          = "{Advanced Virgo: a second-generation interferometric
                        gravitational wave detector}",
      journal        = classical-and-quantum-gravity,
      volume         = "32",
      year           = "2015",
      number         = "2",
      pages          = "024001",
      doi            = "10.1088/0264-9381/32/2/024001",
      eprint         = "1408.3978",
      archivePrefix  = "arXiv",
      primaryClass   = "gr-qc",
      SLACcitation   = "%%CITATION = ARXIV:1408.3978;%%"
}

@Article{TheGEO:2014-advancedGEO,
  author =       {Affeldt, C and others},
  title =        {Advanced techniques in GEO 600},
  journal =      classical-and-quantum-gravity,
  year =         2014,
  volume =       31,
  pages =        224002}

@ARTICLE{KAGRA:2013,
   author = {{Aso}, Y. and {Michimura}, Y. and {Somiya}, K. and {Ando}, M. and 
	{Miyakawa}, O. and {Sekiguchi}, T. and {Tatsumi}, D. and {Yamamoto}, H.
	},
    title = "{Interferometer design of the KAGRA gravitational wave detector}",
  journal = {\prd},
archivePrefix = "arXiv",
   eprint = {1306.6747},
 primaryClass = "gr-qc",
 keywords = {Gravitational radiation detectors, mass spectrometers, and other instrumentation and techniques, Resonators cavities amplifiers arrays and rings},
     year = 2013,
    month = aug,
   volume = 88,
   number = 4,
      eid = {043007},
    pages = {043007},
      doi = {10.1103/PhysRevD.88.043007},
   adsurl = {http://adsabs.harvard.edu/abs/2013PhRvD..88d3007A},
  adsnote = {Provided by the SAO/NASA Astrophysics Data System}
}

@techreport{Indigo,
  author         = {Iyer, Bala and others},
  cited          = {27 August 2015},
  title          = "{LIGO-India}",
  number         = {LIGO-M1100296},
  note           = {\url{https://dcc.ligo.org/LIGO-M1100296/public/main}},
  year           = {2011}
}

@ARTICLE{Ade-et-al:2015-Planck,
   author = {{Planck Collaboration} and {Ade}, P.~A.~R. and {Aghanim}, N. and 
	{Arnaud}, M. and {Ashdown}, M. and {Aumont}, J. and {Baccigalupi}, C. and 
	{Banday}, A.~J. and {Barreiro}, R.~B. and {Bartlett}, J.~G. and et al.},
    title = "{Planck 2015 results. XIII. Cosmological parameters}",
  journal = {ArXiv e-prints},
archivePrefix = "arXiv",
   eprint = {1502.01589},
 keywords = {Astrophysics - Cosmology and Nongalactic Astrophysics},
     year = 2015,
    month = feb,
   adsurl = {http://adsabs.harvard.edu/abs/2015arXiv150201589P},
  adsnote = {Provided by the SAO/NASA Astrophysics Data System}
}

@ARTICLE{TheLIGOScientific:2016-GW151226,
   author = {{Abbott}, B.~P. and {Abbott}, R. and {Abbott}, T.~D. and {Abernathy}, M.~R. and 
	{Acernese}, F. and {Ackley}, K. and {Adams}, C. and {Adams}, T. and 
	{Addesso}, P. and {Adhikari}, R.~X. and et al.},
    title = "{GW151226: Observation of Gravitational Waves from a 22-Solar-Mass Binary Black Hole Coalescence}",
  journal = {Physical Review Letters},
     year = 2016,
    month = jun,
   volume = 116,
   number = 24,
      eid = {241103},
    pages = {241103},
      doi = {10.1103/PhysRevLett.116.241103},
   adsurl = {http://adsabs.harvard.edu/abs/2016PhRvL.116x1103A},
  adsnote = {Provided by the SAO/NASA Astrophysics Data System}
}

@ARTICLE{TheLIGOScientific:2016-GW150914,
   author = {{Abbott}, B.~P. and {Abbott}, R. and {Abbott}, T.~D. and {Abernathy}, M.~R. and 
	{Acernese}, F. and {Ackley}, K. and {Adams}, C. and {Adams}, T. and 
	{Addesso}, P. and {Adhikari}, R.~X. and et al.},
    title = "{Observation of Gravitational Waves from a Binary Black Hole Merger}",
  journal = {Physical Review Letters},
archivePrefix = "arXiv",
   eprint = {1602.03837},
 primaryClass = "gr-qc",
     year = 2016,
    month = feb,
   volume = 116,
   number = 6,
      eid = {061102},
    pages = {061102},
      doi = {10.1103/PhysRevLett.116.061102},
   adsurl = {http://adsabs.harvard.edu/abs/2016PhRvL.116f1102A},
  adsnote = {Provided by the SAO/NASA Astrophysics Data System}
}

@article{Cornish:2001bb,
      author         = "Cornish, Neil J.",
      title          = "{Detecting a stochastic gravitational wave background
                        with the Laser Interferometer Space Antenna}",
      journal        = "Phys. Rev.",
      volume         = "D65",
      year           = "2002",
      pages          = "022004",
      doi            = "10.1103/PhysRevD.65.022004",
      eprint         = "gr-qc/0106058",
      archivePrefix  = "arXiv",
      primaryClass   = "gr-qc",
      SLACcitation   = "%%CITATION = GR-QC/0106058;%%"
}

@article{Rosado:2015epa,
      author         = "Rosado, Pablo A. and Sesana, Alberto and Gair, Jonathan",
      title          = "{Expected properties of the first gravitational wave
                        signal detected with pulsar timing arrays}",
      journal        = "Mon. Not. Roy. Astron. Soc.",
      volume         = "451",
      year           = "2015",
      number         = "3",
      pages          = "2417-2433",
      doi            = "10.1093/mnras/stv1098",
      eprint         = "1503.04803",
      archivePrefix  = "arXiv",
      primaryClass   = "astro-ph.HE",
      SLACcitation   = "%%CITATION = ARXIV:1503.04803;%%"
}


@article{Barack:2004wc,
      author         = "Barack, Leor and Cutler, Curt",
      title          = "{Confusion noise from LISA capture sources}",
      journal        = "Phys. Rev.",
      volume         = "D70",
      year           = "2004",
      pages          = "122002",
      doi            = "10.1103/PhysRevD.70.122002",
      eprint         = "gr-qc/0409010",
      archivePrefix  = "arXiv",
      primaryClass   = "gr-qc",
      SLACcitation   = "%%CITATION = GR-QC/0409010;%%"
}

@article{Janssen:2014dka,
      author         = "Janssen, Gemma and others",
      title          = "{Gravitational wave astronomy with the SKA}",
      booktitle      = "{Proceedings, Advancing Astrophysics with the Square
                        Kilometre Array (AASKA14)}",
      journal        = "PoS",
      volume         = "AASKA14",
      year           = "2015",
      pages          = "037",
      eprint         = "1501.00127",
      archivePrefix  = "arXiv",
      primaryClass   = "astro-ph.IM",
      SLACcitation   = "%%CITATION = ARXIV:1501.00127;%%"
}

@article{Moore:2014lga,
      author         = "Moore, C. J. and Cole, R. H. and Berry, C. P. L.",
      title          = "{Gravitational-wave sensitivity curves}",
      journal        = "Class. Quant. Grav.",
      volume         = "32",
      year           = "2015",
      number         = "1",
      pages          = "015014",
      doi            = "10.1088/0264-9381/32/1/015014",
      eprint         = "1408.0740",
      archivePrefix  = "arXiv",
      primaryClass   = "gr-qc",
      reportNumber   = "LIGO-P1400129",
      SLACcitation   = "%%CITATION = ARXIV:1408.0740;%%"
}

@article{Larson:1999we,
      author         = "Larson, Shane L. and Hiscock, William A. and Hellings,
                        Ronald W.",
      title          = "{Sensitivity curves for spaceborne gravitational wave
                        interferometers}",
      journal        = "Phys. Rev.",
      volume         = "D62",
      year           = "2000",
      pages          = "062001",
      doi            = "10.1103/PhysRevD.62.062001",
      eprint         = "gr-qc/9909080",
      archivePrefix  = "arXiv",
      primaryClass   = "gr-qc",
      reportNumber   = "MSUPHY-99-04",
      SLACcitation   = "%%CITATION = GR-QC/9909080;%%"
}


@book{Sivia-Skilling:2006,
  author = {{Sivia}, D. S. and {Skilling}, J.},
  editor = {Bretthorst, G. Larry},
  title = {Probability Theory: Logic of Science},
  publisher = {Oxford University Press},
  year = {2006},
  address = {Oxford, New York},
  isbn = {0-19-856831-2},
  series = {},
  volume = {},
}

@book{Wainstein-Zubakov:1971,
  author = {{Wainstein}, L. A. and {Zubakov}, V. D.},
  editor = {},
  title = {Extractions of Signals from Noise},
  publisher = {Dover Publications Inc.},
  year = {1971},
  address = {},
  isbn = {10: 0486626253},
  series = {},
  volume = {},
}

@book{Helstrom:1968,
  author = {{Helstrom}, Carl W.},
  editor = {},
  title = {Statistical Theory of Signal Detection, 2nd edition},
  publisher = {Pergamon Press},
  year = {1968},
  address = {Oxford, London, Edinburgh, New York, Toronto, Sydney, Paris, Braunschweig},
  isbn = {08-013265-0},
  series = {},
  volume = {},
}

@ARTICLE{Feldman-Cousins:1998,
   author = {{Feldman}, G.~J. and {Cousins}, R.~D.},
    title = "{Unified approach to the classical statistical analysis of small signals}",
  journal = {\prd},
   eprint = {physics/9711021},
 keywords = {Measurement and error theory, Neutrino mass and mixing},
     year = 1998,
    month = apr,
   volume = 57,
    pages = {3873-3889},
      doi = {10.1103/PhysRevD.57.3873},
   adsurl = {http://adsabs.harvard.edu/abs/1998PhRvD..57.3873F},
  adsnote = {Provided by the SAO/NASA Astrophysics Data System}
}

@ARTICLE{Rover-et-al:2011,
   author = {{R{\"o}ver}, C. and {Messenger}, C. and {Prix}, R.},
    title = "{Bayesian versus frequentist upper limits}",
  journal = {ArXiv e-prints},
archivePrefix = "arXiv",
   eprint = {1103.2987},
 primaryClass = "physics.data-an",
 keywords = {Physics - Data Analysis, Statistics and Probability, General Relativity and Quantum Cosmology, Statistics - Methodology},
     year = 2011,
    month = mar,
   adsurl = {http://adsabs.harvard.edu/abs/2011arXiv1103.2987R},
  adsnote = {Provided by the SAO/NASA Astrophysics Data System}
}

@book{Gregory:2005,
  author = {{Gregory}, Phil C.},
  editor = {},
  title = {Bayesian Logical Data Analysis for the Physical Sciences: 
           A Comparative Approach  with  Mathematica Support},
  publisher = {Cambridge University Press},
  year = {2005},
  address = {Cambridge, UK, New York, NY},
  isbn = {0-521-84150-X},
  series = {},
  volume = {},
}

@book{Jaynes:2003,
  author = {{Jaynes}, Edwin T.},
  editor = {{Bretthorst}, G. Larry},
  title = {Probability Theory: Logic of Science},
  publisher = {Cambridge University Press},
  year = {2003},
  address = {Cambridge},
  isbn = {0-521-59271-2},
  series = {},
  volume = {},
}

@book{Howson-Urbach:2006,
  author = {{Howson}, Colin and {Urbach}, Peter},
  editor = {},
  title = {Scientific Reasoning: The Bayesian approach},
  publisher = {Open Court Publishing},
  year = {2006},
  address = {Peru, Illinois},
  isbn = {0-8126-9578-X},
  series = {},
  volume = {},
}

@ARTICLE{Howson-Urbach:1991,
   author = {{Howson}, C. and {Urbach}, P.},
    title = "{Bayesian reasoning in science}",
  journal = {\nat},
     year = 1991,
    month = apr,
   volume = 350,
    pages = {371-374},
      doi = {10.1038/350371a0},
   adsurl = {http://adsabs.harvard.edu/abs/1991Natur.350..371H},
  adsnote = {Provided by the SAO/NASA Astrophysics Data System}
}

@article{Prince:2002hp,
      author         = "Prince, Thomas A. and Tinto, Massimo and Larson, Shane L.
                        and Armstrong, J. W.",
      title          = "{The LISA optimal sensitivity}",
      journal        = "Phys. Rev.",
      volume         = "D66",
      year           = "2002",
      pages          = "122002",
      doi            = "10.1103/PhysRevD.66.122002",
      eprint         = "gr-qc/0209039",
      archivePrefix  = "arXiv",
      primaryClass   = "gr-qc",
      SLACcitation   = "%%CITATION = GR-QC/0209039;%%"
}

@article{Tinto:2001ii,
      author         = "Tinto, Massimo and Armstrong, J. W. and Estabrook, F. B.",
      title          = "{Discriminating a gravitational wave background from
                        instrumental noise in the LISA detector}",
      journal        = "Phys. Rev.",
      volume         = "D63",
      year           = "2001",
      pages          = "021101",
      doi            = "10.1103/PhysRevD.63.021101",
      SLACcitation   = "%%CITATION = PHRVA,D63,021101;%%"
}

@article{Estabrook:2000ef,
      author         = "Estabrook, F. B. and Tinto, Massimo and Armstrong, J. W.",
      title          = "{Time delay analysis of LISA gravitational wave data:
                        Elimination of spacecraft motion effects}",
      journal        = "Phys. Rev.",
      volume         = "D62",
      year           = "2000",
      pages          = "042002",
      doi            = "10.1103/PhysRevD.62.042002",
      SLACcitation   = "%%CITATION = PHRVA,D62,042002;%%"
}

@ARTICLE{1965ApJ...142..419P,
   author = {{Penzias}, A.~A. and {Wilson}, R.~W.},
    title = "{A Measurement of Excess Antenna Temperature at 4080 Mc/s.}",
  journal = {\apj},
 keywords = {Microwave Background, Cosmic Background Radiation},
     year = 1965,
    month = jul,
   volume = 142,
    pages = {419-421},
      doi = {10.1086/148307},
   adsurl = {http://adsabs.harvard.edu/abs/1965ApJ...142..419P},
  adsnote = {Provided by the SAO/NASA Astrophysics Data System}
}


@article{Bennett:2003bz,
      author         = "Bennett, C. L. and others",
      title          = "{First year Wilkinson Microwave Anisotropy Probe (WMAP)
                        observations: Preliminary maps and basic results}",
      collaboration  = "WMAP",
      journal        = "Astrophys. J. Suppl.",
      volume         = "148",
      year           = "2003",
      pages          = "1-27",
      doi            = "10.1086/377253",
      eprint         = "astro-ph/0302207",
      archivePrefix  = "arXiv",
      primaryClass   = "astro-ph",
      SLACcitation   = "%%CITATION = ASTRO-PH/0302207;%%"
}

@article{Principe:2008zz,
      author         = "Principe, Maria and Pinto, Innocenzo M.",
      title          = "{Modeling the impulsive noise component and its effect on
                        the operation of a simple coherent network algorithm for
                        detecting unmodeled gravitational wave bursts}",
      journal        = "Class. Quant. Grav.",
      volume         = "25",
      year           = "2008",
      pages          = "075013",
      doi            = "10.1088/0264-9381/25/7/075013",
      eprint         = "0806.4574",
      archivePrefix  = "arXiv",
      primaryClass   = "gr-qc",
      SLACcitation   = "%%CITATION = ARXIV:0806.4574;%%"
}

@article{Morisaki:2016sxs,
      author         = "Morisaki, Soichiro and Yokoyama, Jun'ichi and Eda,
                        Kazunari and Itoh, Yousuke",
      title          = "{Toward the detection of gravitational waves under
                        non-Gaussian noises II. Independent Component Analysis}",
      year           = "2016",
      eprint         = "1605.01983",
      archivePrefix  = "arXiv",
      primaryClass   = "gr-qc",
      reportNumber   = "RESCEU-18-16",
      SLACcitation   = "%%CITATION = ARXIV:1605.01983;%%"
}

@article{Himemoto:2006hw,
      author         = "Himemoto, Yoshiaki and Taruya, Atsushi and Kudoh, Hideaki
                        and Hiramatsu, Takashi",
      title          = "{Detecting a stochastic background of gravitational waves
                        in the presence of non-Gaussian noise: A Performance of
                        generalized cross-correlation statistic}",
      journal        = "Phys. Rev.",
      volume         = "D75",
      year           = "2007",
      pages          = "022003",
      doi            = "10.1103/PhysRevD.75.022003",
      eprint         = "gr-qc/0607015",
      archivePrefix  = "arXiv",
      primaryClass   = "gr-qc",
      SLACcitation   = "%%CITATION = GR-QC/0607015;%%"
}

@article{Rover:2011qd,
      author         = "Rover, Christian",
      title          = "{A Student-t based filter for robust signal detection}",
      journal        = "Phys. Rev.",
      volume         = "D84",
      year           = "2011",
      pages          = "122004",
      doi            = "10.1103/PhysRevD.84.122004",
      eprint         = "1109.0442",
      archivePrefix  = "arXiv",
      primaryClass   = "physics.data-an",
      reportNumber   = "LIGO-P1100103, AEI-2011-060",
      SLACcitation   = "%%CITATION = ARXIV:1109.0442;%%"
}

@article{Ellis:2016mtg,
      author         = "Ellis, Justin and Cornish, Neil",
      title          = "{Transdimensional Bayesian approach to pulsar timing
                        noise analysis}",
      journal        = "Phys. Rev.",
      volume         = "D93",
      year           = "2016",
      number         = "8",
      pages          = "084048",
      doi            = "10.1103/PhysRevD.93.084048",
      eprint         = "1601.00650",
      archivePrefix  = "arXiv",
      primaryClass   = "astro-ph.IM",
      SLACcitation   = "%%CITATION = ARXIV:1601.00650;%%"
}

@article{vanHaasteren:2008yh,
      author         = "van Haasteren, Rutger and Levin, Yuri and McDonald,
                        Patrick and Lu, Tingting",
      title          = "{On measuring the gravitational-wave background using
                        Pulsar Timing Arrays}",
      journal        = "Mon. Not. Roy. Astron. Soc.",
      volume         = "395",
      year           = "2009",
      pages          = "1005",
      doi            = "10.1111/j.1365-2966.2009.14590.x",
      eprint         = "0809.0791",
      archivePrefix  = "arXiv",
      primaryClass   = "astro-ph",
      SLACcitation   = "%%CITATION = ARXIV:0809.0791;%%"
}

@ARTICLE{2014MNRAS.437.3004L,
   author = {{Lentati}, L. and {Alexander}, P. and {Hobson}, M.~P. and {Feroz}, F. and 
	{van Haasteren}, R. and {Lee}, K.~J. and {Shannon}, R.~M.},
    title = "{TEMPONEST: a Bayesian approach to pulsar timing analysis}",
  journal = {\mnras},
archivePrefix = "arXiv",
   eprint = {1310.2120},
 primaryClass = "astro-ph.IM",
 keywords = {methods: data analysis, pulsars: general, pulsars: individual: B1937+21},
     year = 2014,
    month = jan,
   volume = 437,
    pages = {3004-3023},
      doi = {10.1093/mnras/stt2122},
   adsurl = {http://adsabs.harvard.edu/abs/2014MNRAS.437.3004L},
  adsnote = {Provided by the SAO/NASA Astrophysics Data System}
}

@ARTICLE{2015ApJ...813...65T,
   author = {{The NANOGrav Collaboration} and {Arzoumanian}, Z. and {Brazier}, A. and 
	{Burke-Spolaor}, S. and {Chamberlin}, S. and {Chatterjee}, S. and 
	{Christy}, B. and {Cordes}, J.~M. and {Cornish}, N. and {Crowter}, K. and 
	{Demorest}, P.~B. and {Dolch}, T. and {Ellis}, J.~A. and {Ferdman}, R.~D. and 
	{Fonseca}, E. and {Garver-Daniels}, N. and {Gonzalez}, M.~E. and 
	{Jenet}, F.~A. and {Jones}, G. and {Jones}, M.~L. and {Kaspi}, V.~M. and 
	{Koop}, M. and {Lam}, M.~T. and {Lazio}, T.~J.~W. and {Levin}, L. and 
	{Lommen}, A.~N. and {Lorimer}, D.~R. and {Luo}, J. and {Lynch}, R.~S. and 
	{Madison}, D. and {McLaughlin}, M.~A. and {McWilliams}, S.~T. and 
	{Nice}, D.~J. and {Palliyaguru}, N. and {Pennucci}, T.~T. and 
	{Ransom}, S.~M. and {Siemens}, X. and {Stairs}, I.~H. and {Stinebring}, D.~R. and 
	{Stovall}, K. and {Swiggum}, J.~K. and {Vallisneri}, M. and 
	{van Haasteren}, R. and {Wang}, Y. and {Zhu}, W.},
    title = "{The NANOGrav Nine-year Data Set: Observations, Arrival Time Measurements, and Analysis of 37 Millisecond Pulsars}",
  journal = {\apj},
archivePrefix = "arXiv",
   eprint = {1505.07540},
 primaryClass = "astro-ph.IM",
 keywords = {gravitational waves, methods: data analysis, pulsars: general},
     year = 2015,
    month = nov,
   volume = 813,
      eid = {65},
    pages = {65},
      doi = {10.1088/0004-637X/813/1/65},
   adsurl = {http://adsabs.harvard.edu/abs/2015ApJ...813...65T},
  adsnote = {Provided by the SAO/NASA Astrophysics Data System}
}

@book{ImkellervonStorch2005,
  author = {Imkeller, Peter and Storch, Jin-Song von},
  editor = {},
  title = {Stochastic Climate Models},
  publisher = {Birkhauser},
  year = {2001},
  address = {Basel, Boston, Berlin},
  isbn = {3-7643-5620-X},
  series = {Progress in Probability},
  volume = {Volume 49},
}

@ARTICLE{Parida-et-al:2016,
   author = {{Parida}, A. and {Mitra}, S. and {Jhingan}, S.},
    title = "{Component separation of a isotropic Gravitational Wave Background}",
  journal = {\jcap},
archivePrefix = "arXiv",
   eprint = {1510.07994},
     year = 2016,
    month = apr,
   volume = 4,
      eid = {024},
    pages = {024},
      doi = {10.1088/1475-7516/2016/04/024},
   adsurl = {http://adsabs.harvard.edu/abs/2016JCAP...04..024P},
  adsnote = {Provided by the SAO/NASA Astrophysics Data System}
}

@ARTICLE{Thrane-et-al:2011,
   author = {{Thrane}, E. and {Kandhasamy}, S. and {Ott}, C.~D. and {Anderson}, W.~G. and 
	{Christensen}, N.~L. and {Coughlin}, M.~W. and {Dorsher}, S. and 
	{Giampanis}, S. and {Mandic}, V. and {Mytidis}, A. and {Prestegard}, T. and 
	{Raffai}, P. and {Whiting}, B.},
    title = "{Long gravitational-wave transients and associated detection strategies for a network of terrestrial interferometers}",
  journal = {\prd},
archivePrefix = "arXiv",
   eprint = {1012.2150},
 primaryClass = "astro-ph.IM",
 keywords = {Gravitational radiation magnetic fields and other observations, Relativity and gravitation, Gravitational radiation detectors, mass spectrometers, and other instrumentation and techniques},
     year = 2011,
    month = apr,
   volume = 83,
   number = 8,
      eid = {083004},
    pages = {083004},
      doi = {10.1103/PhysRevD.83.083004},
   adsurl = {http://adsabs.harvard.edu/abs/2011PhRvD..83h3004T},
  adsnote = {Provided by the SAO/NASA Astrophysics Data System}
}

@ARTICLE{Aasi-et-al:STAMP-GRB,
   author = {{Aasi}, J. and {Abadie}, J. and {Abbott}, B.~P. and {Abbott}, R. and 
	{Abbott}, T. and {Abernathy}, M.~R. and {Accadia}, T. and {Acernese}, F. and 
	{Adams}, C. and {Adams}, T. and et al.},
    title = "{Search for long-lived gravitational-wave transients coincident with long gamma-ray bursts}",
  journal = {\prd},
archivePrefix = "arXiv",
   eprint = {1309.6160},
 primaryClass = "astro-ph.HE",
 keywords = {Gravitational radiation detectors, mass spectrometers, and other instrumentation and techniques},
     year = 2013,
    month = dec,
   volume = 88,
   number = 12,
      eid = {122004},
    pages = {122004},
      doi = {10.1103/PhysRevD.88.122004},
   adsurl = {http://adsabs.harvard.edu/abs/2013PhRvD..88l2004A},
  adsnote = {Provided by the SAO/NASA Astrophysics Data System}
}

@ARTICLE{Abbott-et-al:STAMP-S5S6,
   author = {{Abbott}, B.~P. and {Abbott}, R. and {Abbott}, T.~D. and {Abernathy}, M.~R. and 
	{Acernese}, F. and {Ackley}, K. and {Adams}, C. and {Adams}, T. and 
	{Addesso}, P. and {Adhikari}, R.~X. and et al.},
    title = "{All-sky search for long-duration gravitational wave transients with initial LIGO}",
  journal = {\prd},
archivePrefix = "arXiv",
   eprint = {1511.04398},
 primaryClass = "gr-qc",
     year = 2016,
    month = feb,
   volume = 93,
   number = 4,
      eid = {042005},
    pages = {042005},
      doi = {10.1103/PhysRevD.93.042005},
   adsurl = {http://adsabs.harvard.edu/abs/2016PhRvD..93d2005A},
  adsnote = {Provided by the SAO/NASA Astrophysics Data System}
}

@ARTICLE{vanPutten:2008,
   author = {{van Putten}, M.~H.~P.~M.},
    title = "{Gravitational Waveforms of Kerr Black Holes Interacting with High-Density Matter}",
  journal = {\apjl},
 keywords = {accretion, accretion disks, black hole physics, gamma rays: bursts, gravitational waves, instrumentation: interferometers, methods: data analysis},
     year = 2008,
    month = sep,
   volume = 684,
      eid = {L91},
    pages = {L91},
      doi = {10.1086/592216},
   adsurl = {http://adsabs.harvard.edu/abs/2008ApJ...684L..91V},
  adsnote = {Provided by the SAO/NASA Astrophysics Data System}
}

@ARTICLE{vanPutten:2003,
   author = {{van Putten}, M.~H.~P.~M. and {Levinson}, A.},
    title = "{Theory and Astrophysical Consequences of a Magnetized Torus around a Rapidly Rotating Black Hole}",
  journal = {\apj},
   eprint = {astro-ph/0212297},
 keywords = {Black Hole Physics, Gamma Rays: Bursts, Gravitational Waves},
     year = 2003,
    month = feb,
   volume = 584,
    pages = {937-953},
      doi = {10.1086/345900},
   adsurl = {http://adsabs.harvard.edu/abs/2003ApJ...584..937V},
  adsnote = {Provided by the SAO/NASA Astrophysics Data System}
}

@ARTICLE{vanPutten:2001,
   author = {{van Putten}, M.~H.},
    title = "{Proposed Source of Gravitational Radiation from a Torus around a Black Hole}",
  journal = {Physical Review Letters},
   eprint = {astro-ph/0107007},
     year = 2001,
    month = aug,
   volume = 87,
   number = 9,
      eid = {091101},
    pages = {091101},
      doi = {10.1103/PhysRevLett.87.091101},
   adsurl = {http://adsabs.harvard.edu/abs/2001PhRvL..87i1101V},
  adsnote = {Provided by the SAO/NASA Astrophysics Data System}
}

@ARTICLE{Steeghs-Casares:2002,
   author = {{Steeghs}, D. and {Casares}, J.},
    title = "{The Mass Donor of Scorpius X-1 Revealed}",
  journal = {\apj},
   eprint = {astro-ph/0107343},
 keywords = {Accretion, Accretion Disks, Stars: Individual: Constellation Name: Scorpius X-1, X-Rays: Binaries},
     year = 2002,
    month = mar,
   volume = 568,
    pages = {273-278},
      doi = {10.1086/339224},
   adsurl = {http://adsabs.harvard.edu/abs/2002ApJ...568..273S},
  adsnote = {Provided by the SAO/NASA Astrophysics Data System}
}

@ARTICLE{Galloway-et-al:2014,
   author = {{Galloway}, D.~K. and {Premachandra}, S. and {Steeghs}, D. and 
	{Marsh}, T. and {Casares}, J. and {Cornelisse}, R.},
    title = "{Precision Ephemerides for Gravitational-wave Searches. I. Sco X-1}",
  journal = {\apj},
archivePrefix = "arXiv",
   eprint = {1311.6246},
 primaryClass = "astro-ph.HE",
 keywords = {ephemerides, gravitational waves, stars: neutron, techniques: radial velocities, X-rays: binaries, X-rays: individual: Sco X-1 },
     year = 2014,
    month = jan,
   volume = 781,
      eid = {14},
    pages = {14},
      doi = {10.1088/0004-637X/781/1/14},
   adsurl = {http://adsabs.harvard.edu/abs/2014ApJ...781...14G},
  adsnote = {Provided by the SAO/NASA Astrophysics Data System}
}

@ARTICLE{Messenger-et-al:2015,
   author = {{Messenger}, C. and {Bulten}, H.~J. and {Crowder}, S.~G. and 
	{Dergachev}, V. and {Galloway}, D.~K. and {Goetz}, E. and {Jonker}, R.~J.~G. and 
	{Lasky}, P.~D. and {Meadors}, G.~D. and {Melatos}, A. and {Premachandra}, S. and 
	{Riles}, K. and {Sammut}, L. and {Thrane}, E.~H. and {Whelan}, J.~T. and 
	{Zhang}, Y.},
    title = "{Gravitational waves from Scorpius X-1: A comparison of search methods and prospects for detection with advanced detectors}",
  journal = {\prd},
archivePrefix = "arXiv",
   eprint = {1504.05889},
 primaryClass = "gr-qc",
 keywords = {Neutron stars, Gravitational waves: theory},
     year = 2015,
    month = jul,
   volume = 92,
   number = 2,
      eid = {023006},
    pages = {023006},
      doi = {10.1103/PhysRevD.92.023006},
   adsurl = {http://adsabs.harvard.edu/abs/2015PhRvD..92b3006M},
  adsnote = {Provided by the SAO/NASA Astrophysics Data System}
}

@ARTICLE{Kato-Soda:2016,
   author = {{Kato}, R. and {Soda}, J.},
    title = "{Probing circular polarization in stochastic gravitational wave background with pulsar timing arrays}",
  journal = {\prd},
archivePrefix = "arXiv",
   eprint = {1512.09139},
 primaryClass = "gr-qc",
     year = 2016,
    month = mar,
   volume = 93,
   number = 6,
      eid = {062003},
    pages = {062003},
      doi = {10.1103/PhysRevD.93.062003},
   adsurl = {http://adsabs.harvard.edu/abs/2016PhRvD..93f2003K},
  adsnote = {Provided by the SAO/NASA Astrophysics Data System}
}

@ARTICLE{Seto:2004,
   author = {{Seto}, N.},
    title = "{Annual modulation of the galactic binary confusion noise background and LISA data analysis}",
  journal = {\prd},
   eprint = {gr-qc/0403014},
 keywords = {Gravitational radiation detectors, mass spectrometers, and other instrumentation and techniques, Gravitational wave detectors and experiments, Gravitational lenses and luminous arcs},
     year = 2004,
    month = jun,
   volume = 69,
   number = 12,
      eid = {123005},
    pages = {123005},
      doi = {10.1103/PhysRevD.69.123005},
   adsurl = {http://adsabs.harvard.edu/abs/2004PhRvD..69l3005S},
  adsnote = {Provided by the SAO/NASA Astrophysics Data System}
}

@ARTICLE{Seto-Cooray:2004,
   author = {{Seto}, N. and {Cooray}, A.},
    title = "{LISA measurement of gravitational wave background anisotropy: Hexadecapole moment via a correlation analysis}",
  journal = {\prd},
   eprint = {astro-ph/0403259},
 keywords = {Gravitational radiation detectors, mass spectrometers, and other instrumentation and techniques, Gravitational wave detectors and experiments, Gravitational lenses and luminous arcs},
     year = 2004,
    month = dec,
   volume = 70,
   number = 12,
      eid = {123005},
    pages = {123005},
      doi = {10.1103/PhysRevD.70.123005},
   adsurl = {http://adsabs.harvard.edu/abs/2004PhRvD..70l3005S},
  adsnote = {Provided by the SAO/NASA Astrophysics Data System}
}

@ARTICLE{Taruya-Kudoh:2005,
   author = {{Taruya}, A. and {Kudoh}, H.},
    title = "{Probing anisotropies of gravitational-wave backgrounds with a space-based interferometer. II. Perturbative reconstruction of a low-frequency skymap}",
  journal = {\prd},
   eprint = {gr-qc/0507114},
 keywords = {Gravitational waves: theory, Gravitational wave detectors and experiments, Relativity and gravitation, Gravitational radiation detectors, mass spectrometers, and other instrumentation and techniques},
     year = 2005,
    month = nov,
   volume = 72,
   number = 10,
      eid = {104015},
    pages = {104015},
      doi = {10.1103/PhysRevD.72.104015},
   adsurl = {http://adsabs.harvard.edu/abs/2005PhRvD..72j4015T},
  adsnote = {Provided by the SAO/NASA Astrophysics Data System}
}

@ARTICLE{Kudoh-Taruya:2005,
   author = {{Kudoh}, H. and {Taruya}, A.},
    title = "{Probing anisotropies of gravitational-wave backgrounds with a space-based interferometer: Geometric properties of antenna patterns and their angular power}",
  journal = {\prd},
   eprint = {gr-qc/0411017},
 keywords = {Gravitational waves: theory, Gravitational wave detectors and experiments, Relativity and gravitation, Gravitational radiation detectors, mass spectrometers, and other instrumentation and techniques},
     year = 2005,
    month = jan,
   volume = 71,
   number = 2,
      eid = {024025},
    pages = {024025},
      doi = {10.1103/PhysRevD.71.024025},
   adsurl = {http://adsabs.harvard.edu/abs/2005PhRvD..71b4025K},
  adsnote = {Provided by the SAO/NASA Astrophysics Data System}
}

@ARTICLE{Seto:2006,
   author = {{Seto}, N.},
    title = "{Prospects for Direct Detection of the Circular Polarization of the Gravitational-Wave Background}",
  journal = {Physical Review Letters},
   eprint = {astro-ph/0609504},
 keywords = {Gravitational radiation detectors, mass spectrometers, and other instrumentation and techniques, Gravitational radiation magnetic fields and other observations, Observational cosmology},
     year = 2006,
    month = oct,
   volume = 97,
   number = 15,
      eid = {151101},
    pages = {151101},
      doi = {10.1103/PhysRevLett.97.151101},
   adsurl = {http://adsabs.harvard.edu/abs/2006PhRvL..97o1101S},
  adsnote = {Provided by the SAO/NASA Astrophysics Data System}
}

@ARTICLE{Seto-Taruya:2007,
   author = {{Seto}, N. and {Taruya}, A.},
    title = "{Measuring a Parity-Violation Signature in the Early Universe via Ground-Based Laser Interferometers}",
  journal = {Physical Review Letters},
archivePrefix = "arXiv",
   eprint = {0707.0535},
 keywords = {Gravitational radiation detectors, mass spectrometers, and other instrumentation and techniques, Gravitational radiation magnetic fields and other observations, Observational cosmology},
     year = 2007,
    month = sep,
   volume = 99,
   number = 12,
      eid = {121101},
    pages = {121101},
      doi = {10.1103/PhysRevLett.99.121101},
   adsurl = {http://adsabs.harvard.edu/abs/2007PhRvL..99l1101S},
  adsnote = {Provided by the SAO/NASA Astrophysics Data System}
}

@ARTICLE{Seto-Taruya:2008,
   author = {{Seto}, N. and {Taruya}, A.},
    title = "{Polarization analysis of gravitational-wave backgrounds from the correlation signals of ground-based interferometers: Measuring a circular-polarization mode}",
  journal = {\prd},
archivePrefix = "arXiv",
   eprint = {0801.4185},
 keywords = {Gravitational radiation detectors, mass spectrometers, and other instrumentation and techniques, Gravitational radiation magnetic fields and other observations, Observational cosmology},
     year = 2008,
    month = may,
   volume = 77,
   number = 10,
      eid = {103001},
    pages = {103001},
      doi = {10.1103/PhysRevD.77.103001},
   adsurl = {http://adsabs.harvard.edu/abs/2008PhRvD..77j3001S},
  adsnote = {Provided by the SAO/NASA Astrophysics Data System}
}

@ARTICLE{Seto:2008,
   author = {{Seto}, N.},
    title = "{Non-Gaussianity Test for Discriminating Gravitational Wave Backgrounds around 0.1-1 Hz}",
  journal = {\apjl},
archivePrefix = "arXiv",
   eprint = {0807.1151},
 keywords = {early universe, gravitational waves, supernovae: general },
     year = 2008,
    month = aug,
   volume = 683,
      eid = {L95},
    pages = {L95},
      doi = {10.1086/591847},
   adsurl = {http://adsabs.harvard.edu/abs/2008ApJ...683L..95S},
  adsnote = {Provided by the SAO/NASA Astrophysics Data System}
}

@ARTICLE{Seto:2009,
   author = {{Seto}, N.},
    title = "{Non-Gaussianity analysis of a gravitational wave background made by short-duration burst signals}",
  journal = {\prd},
archivePrefix = "arXiv",
   eprint = {0908.0228},
 primaryClass = "gr-qc",
 keywords = {Gravitational radiation detectors, mass spectrometers, and other instrumentation and techniques, Gravitational radiation magnetic fields and other observations, Observational cosmology},
     year = 2009,
    month = aug,
   volume = 80,
   number = 4,
      eid = {043003},
    pages = {043003},
      doi = {10.1103/PhysRevD.80.043003},
   adsurl = {http://adsabs.harvard.edu/abs/2009PhRvD..80d3003S},
  adsnote = {Provided by the SAO/NASA Astrophysics Data System}
}

@ARTICLE{Drasco-Flanagan:2003,
   author = {{Drasco}, S. and {Flanagan}, {\'E}.~{\'E}.},
    title = "{Detection methods for non-Gaussian gravitational wave stochastic backgrounds}",
  journal = {\prd},
   eprint = {gr-qc/0210032},
 keywords = {Gravitational wave detectors and experiments, Wave generation and sources, Data analysis: algorithms and implementation, data management, Gravitational radiation detectors, mass spectrometers, and other instrumentation and techniques},
     year = 2003,
    month = apr,
   volume = 67,
   number = 8,
      eid = {082003},
    pages = {082003},
      doi = {10.1103/PhysRevD.67.082003},
   adsurl = {http://adsabs.harvard.edu/abs/2003PhRvD..67h2003D},
  adsnote = {Provided by the SAO/NASA Astrophysics Data System}
}

@BOOK{Jackson:1998,
   author = {{Jackson}, J.~D.},
    title = "{Classical Electrodynamics, 3rd Edition}",
booktitle = {Classical Electrodynamics, 3rd Edition, by John David Jackson, pp.~832.~ISBN 0-471-30932-X.~Wiley-VCH , July 1998.},
     year = 1998,
    month = jul,
    pages = {832},
   adsurl = {http://adsabs.harvard.edu/abs/1998clel.book.....J},
  adsnote = {Provided by the SAO/NASA Astrophysics Data System}
}

@BOOK{Weinberg:1972,
   author = {{Weinberg}, S.},
    title = "{Gravitation and Cosmology: Principles and Applications of the General Theory of Relativity}",
booktitle = {Gravitation and Cosmology: Principles and Applications of the General Theory of Relativity, by Steven Weinberg, pp.~688.~ISBN 0-471-92567-5.~Wiley-VCH , July 1972.},
     year = 1972,
    month = jul,
    pages = {688},
   adsurl = {http://adsabs.harvard.edu/abs/1972gcpa.book.....W},
  adsnote = {Provided by the SAO/NASA Astrophysics Data System}
}

@ARTICLE{Nishizawa-et-al:2009,
   author = {{Nishizawa}, A. and {Taruya}, A. and {Hayama}, K. and {Kawamura}, S. and 
	{Sakagami}, M.-A.},
    title = "{Probing nontensorial polarizations of stochastic gravitational-wave backgrounds with ground-based laser interferometers}",
  journal = {\prd},
archivePrefix = "arXiv",
   eprint = {0903.0528},
 primaryClass = "astro-ph.CO",
 keywords = {Experimental tests of gravitational theories, Modified theories of gravity, Gravitational wave detectors and experiments},
     year = 2009,
    month = apr,
   volume = 79,
   number = 8,
      eid = {082002},
    pages = {082002},
      doi = {10.1103/PhysRevD.79.082002},
   adsurl = {http://adsabs.harvard.edu/abs/2009PhRvD..79h2002N},
  adsnote = {Provided by the SAO/NASA Astrophysics Data System}
}

@ARTICLE{Hu-White:1997,
  author = {{Hu}, W. and {White}, M.},
    title = "{CMB anisotropies: Total angular momentum method}",
  journal = {Physical Review D},
 keywords = {Background radiations, Observational cosmology},
     year = 1997,
    month = jul,
   volume = 56,
    pages = {596-615},
      doi = {10.1103/PhysRevD.56.596},
   adsurl = {http://adsabs.harvard.edu/abs/1997PhRvD..56..596H},
  adsnote = {Provided by the SAO/NASA Astrophysics Data System}
}

@Book{Messiah:1962,
  Title                    = {Quantum Mechanics, Vol. 2},
  Author                   = {A. Messiah},
  Publisher                = {North Holland, Amsterdam, Netherlands},
  Year                     = {1962},
  Pages                    = {1054-1060}
}

@Book{Wigner:1959,
  Title                    = {Group Theory and Its Application to the Quantum Mechanics of Atomic Spectra, expanded and improved ed.},
  Author                   = {E. P. Wigner},
  Publisher                = {Academic Press, New York},
  Year                     = {1959}
}

@Article{Mingarelli-Sidery:2014,
  Title                    = {{Effect of small interpulsar distances in stochastic gravitational wave background searches with pulsar timing arrays}},
  Author                   = {{Mingarelli}, C.~M.~F. and {Sidery}, T.},
  Journal                  = {Phys. Rev. D},
  Year                     = {2014},

  Month                    = sep,
  Number                   = {6},
  Pages                    = {062011},
  Volume                   = {90},

  Adsnote                  = {Provided by the SAO/NASA Astrophysics Data System},
  Adsurl                   = {http://adsabs.harvard.edu/abs/2014PhRvD..90f2011M},
  Archiveprefix            = {arXiv},
  Doi                      = {10.1103/PhysRevD.90.062011},
  Eid                      = {062011},
  Eprint                   = {1408.6840},
  Keywords                 = {Gravitational wave detectors and experiments, Numerical studies of black holes and black-hole binaries, Pulsars, Gravitational waves: theory},
  Primaryclass             = {astro-ph.HE}
}

@ARTICLE{Ballmer:2006,
   author = {{Ballmer}, S.~W.},
    title = "{A radiometer for stochastic gravitational waves}",
  journal = {Classical and Quantum Gravity},
   eprint = {gr-qc/0510096},
     year = 2006,
    month = apr,
   volume = 23,
    pages = {S179-S185},
      doi = {10.1088/0264-9381/23/8/S23},
   adsurl = {http://adsabs.harvard.edu/abs/2006CQGra..23S.179B},
  adsnote = {Provided by the SAO/NASA Astrophysics Data System}
}

@PHDTHESIS{Ballmer-PhD:2006,
   author = {{Ballmer}, S.~W.},
    title = "{LIGO interferometer operating at design sensitivity with application to gravitational radiometry}",
 keywords = {LIGO, Interferometer, Design sensitivity, Gravitational radiometry},
   school = {Massachusetts Institute of Technology, Massachusetts, USA},
     year = 2006,
   adsurl = {http://adsabs.harvard.edu/abs/2006PhDT........15B},
  adsnote = {Provided by the SAO/NASA Astrophysics Data System}
}

@ARTICLE{Talukder-et-al:2011,
   author = {{Talukder}, D. and {Mitra}, S. and {Bose}, S.},
    title = "{Multibaseline gravitational wave radiometry}",
  journal = {\prd},
archivePrefix = "arXiv",
   eprint = {1012.4530},
 primaryClass = "gr-qc",
 keywords = {Gravitational radiation detectors, mass spectrometers, and other instrumentation and techniques, Wave generation and sources, Binary and multiple stars, Cosmology},
     year = 2011,
    month = mar,
   volume = 83,
   number = 6,
      eid = {063002},
    pages = {063002},
      doi = {10.1103/PhysRevD.83.063002},
   adsurl = {http://adsabs.harvard.edu/abs/2011PhRvD..83f3002T},
  adsnote = {Provided by the SAO/NASA Astrophysics Data System}
}

@Book{Press:1992,
  Title                    = {Numerical Recipes in C},
  Annote                   = {SIGNATUR = 725.919},
  Author                   = {William H. Press and Saul A. Teukolsky and William
 T. Vetterling and Brian P. Flannery},
  Keywords                 = {FUNDAMENTALS computer science},
  Publisher                = {Cambridge University Press},
  Year                     = {1992},
  Place                    = {Favoritenstrasse 9/4th Floor/1863}}

@Article{Phinney-et-al:2004,
  author =       {S. Phinney and others},
  title =        {"The Big Bang Observer: Direct detection of
  gravitational waves from the birth of the Universe to the Present"},
  journal =      {NASA Mission Concept Study},
  year =         {2004},
  OPTkey =       {},
  volume =       {},
  OPTnumber =    {},
  pages =        {},
  OPTmonth =     {},
  OPTnote =      {},
  OPTannote =    {}
}

@ARTICLE{Jenet-Romano:2015,
   author = {{Jenet}, F.~A. and {Romano}, J.~D.},
    title = "{Understanding the gravitational-wave Hellings and Downs curve for pulsar timing arrays in terms of sound and electromagnetic waves}",
  journal = {American Journal of Physics},
archivePrefix = "arXiv",
   eprint = {1412.1142},
 primaryClass = "gr-qc",
     year = 2015,
    month = jul,
   volume = 83,
    pages = {635-645},
      doi = {10.1119/1.4916358},
   adsurl = {http://adsabs.harvard.edu/abs/2015AmJPh..83..635J},
  adsnote = {Provided by the SAO/NASA Astrophysics Data System}
}

@ARTICLE{Christensen:1997,
   author = {{Christensen}, N.},
    title = "{Optimal detection strategies for measuring the stochastic gravitational radiation background with laser interferometric antennas}",
  journal = {\prd},
 keywords = {Gravitational wave detectors and experiments, Wave generation and sources, Observational cosmology},
     year = 1997,
    month = jan,
   volume = 55,
    pages = {448-454},
      doi = {10.1103/PhysRevD.55.448},
   adsurl = {http://adsabs.harvard.edu/abs/1997PhRvD..55..448C},
  adsnote = {Provided by the SAO/NASA Astrophysics Data System}
}

@ARTICLE{Chamberlin-Siemens:2012,
   author = {{Chamberlin}, S.~J. and {Siemens}, X.},
    title = "{Stochastic backgrounds in alternative theories of gravity: Overlap reduction functions for pulsar timing arrays}",
  journal = {\prd},
archivePrefix = "arXiv",
   eprint = {1111.5661},
 primaryClass = "astro-ph.HE",
 keywords = {Experimental tests of gravitational theories},
     year = 2012,
    month = apr,
   volume = 85,
   number = 8,
      eid = {082001},
    pages = {082001},
      doi = {10.1103/PhysRevD.85.082001},
   adsurl = {http://adsabs.harvard.edu/abs/2012PhRvD..85h2001C},
  adsnote = {Provided by the SAO/NASA Astrophysics Data System}
}

@ARTICLE{Cutler:1998,
   author = {{Cutler}, C.},
    title = "{Angular resolution of the LISA gravitational wave detector}",
  journal = {\prd},
   eprint = {gr-qc/9703068},
 keywords = {Gravitational radiation detectors, mass spectrometers, and other instrumentation and techniques, Gravitational wave detectors and experiments, Mathematical procedures and computer techniques, Pulsars},
     year = 1998,
    month = jun,
   volume = 57,
    pages = {7089-7102},
      doi = {10.1103/PhysRevD.57.7089},
   adsurl = {http://adsabs.harvard.edu/abs/1998PhRvD..57.7089C},
  adsnote = {Provided by the SAO/NASA Astrophysics Data System}
}

@ARTICLE{Romano-et-al:2015,
   author = {{Romano}, J.~D. and {Taylor}, S.~R. and {Cornish}, N.~J. and 
	{Gair}, J. and {Mingarelli}, C.~M.~F. and {van Haasteren}, R.
	},
    title = "{Phase-coherent mapping of gravitational-wave backgrounds using ground-based laser interferometers}",
  journal = {\prd},
archivePrefix = "arXiv",
   eprint = {1505.07179},
 primaryClass = "gr-qc",
 keywords = {Gravitational wave detectors and experiments, Wave generation and sources, Data analysis: algorithms and implementation, data management, Gravitational radiation detectors, mass spectrometers, and other instrumentation and techniques},
     year = 2015,
    month = aug,
   volume = 92,
   number = 4,
      eid = {042003},
    pages = {042003},
      doi = {10.1103/PhysRevD.92.042003},
   adsurl = {http://adsabs.harvard.edu/abs/2015PhRvD..92d2003R},
  adsnote = {Provided by the SAO/NASA Astrophysics Data System}
}

@ARTICLE{Gair-et-al:2015,
   author = {{Gair}, J.~R. and {Romano}, J.~D. and {Taylor}, S.~R.},
    title = "{Mapping gravitational-wave backgrounds of arbitrary polarisation using pulsar timing arrays}",
  journal = {\prd},
archivePrefix = "arXiv",
   eprint = {1506.08668},
 primaryClass = "gr-qc",
 keywords = {Gravitational wave detectors and experiments, Wave generation and sources, Data analysis: algorithms and implementation, data management, Gravitational radiation detectors, mass spectrometers, and other instrumentation and techniques},
     year = 2015,
    month = nov,
   volume = 92,
   number = 10,
      eid = {102003},
    pages = {102003},
      doi = {10.1103/PhysRevD.92.102003},
   adsurl = {http://adsabs.harvard.edu/abs/2015PhRvD..92j2003G},
  adsnote = {Provided by the SAO/NASA Astrophysics Data System}
}

@BOOK{Abramowitz-Stegun:1972,
  title = {Handbook of Mathematical Functions},
  publisher = {Dover, New York},
  year = {1972},
  author = {M. Abramowitz and I. A. Stegun}
}

@unpublished{Rosado-et-al:2015,
      author         = "Rosado, Pablo A. and Sesana, Alberto and Gair, Jonathan",
      title          = "{Expected properties of the first gravitational wave
                        signal detected with pulsar timing arrays}",
      year           = "2015",
      eprint         = "1503.04803",
      archivePrefix  = "arXiv",
      pages          = {},
      format         = {submitted},
      journal  = {Mon. Not. R. Astron. Soc.},
      primaryClass   = "astro-ph.HE",
      SLACcitation   = "%%CITATION = ARXIV:1503.04803;%%"
}

@unpublished{williams-97,
  author   = {Williams, L.L.R. and Irwin, M.J.},
  format   = {submitted},
  journal  = {Mon. Not. R. Astron. Soc.},
  keywords = {Gravitational lenses},
  title    = {Angular correlations between LBQS and APM: Weak Lensing by the Large Scale Structure},
  year     = {1997}
}

@unpublished{Mandel-LIGOTech:2014,
  author = {I. Mandel},
  format = {submitted},
  journal = {LIGO-P1400200},
  title = {The detectability of a stochastic gravitational-wave background of astrophysical origin},
  year = {2014}
}

@article{Grishchuk:1976,
	Author = {L. P. Grishchuk},
	Journal = {Journal of Experimental and Theoretical Physics Letters},
	Pages = {293},
	Title = {Primordial gravitons and possibility of their observation},
	Volume = {23},
	Year = {1976}}

@article{Hellings-Downs:1983,
	Author = {R. W. Hellings and G. S. Downs},
	Title = {Upper limits on the istotropic gravitational radiation
                 background from pulsar timing analysis},
    Journal = {\apj},
	Pages = {L39-L42},
	Volume = {265},
	Year = {1983}}

@article{Allen-Romano:1999,
	Author = {B. Allen and J.D. Romano},
	Journal = {\prd},
	Pages = {102001},
	Title = {Detecting a stochastic background of gravitational radiation: Signal processing strategies and sensitivities},
	Volume = {59},
	Year = {1999}}

@article{Cornish-Romano:2015,
  author   = {Cornish, N.J. and Romano, J.D.},
  eprint   = {gr-qc/1505.08084},
  journal  = {Phys. Rev. D},
  pages    = {042001},
  title    = {When is a gravitational-wave signal stochastic?},
  volume   = {92},
  year     = {2015}
}

@ARTICLE{Rosado:2011,
  author = {Pablo Rosado},
  journal = {\prd},
  title = {Gravitational wave background from binary systems},
  year = {2011},
  volume = {84},
  pages = {084004},
  eprint = {arXiv:gr-qc/1106.5795}
}

@ARTICLE{Martellini-Regimbau:2014,
   author = {{Martellini}, L. and {Regimbau}, T.},
    title = "{Semiparametric approach to the detection of non-Gaussian gravitational wave stochastic backgrounds}",
  journal = {\prd},
archivePrefix = "arXiv",
   eprint = {1405.5775},
 keywords = {Gravitational waves: theory, Gravitational wave detectors and experiments},
     year = 2014,
    month = jun,
   volume = 89,
   number = 12,
      eid = {124009},
    pages = {124009},
      doi = {10.1103/PhysRevD.89.124009},
   adsurl = {http://adsabs.harvard.edu/abs/2014PhRvD..89l4009M},
  adsnote = {Provided by the SAO/NASA Astrophysics Data System}
}

@ARTICLE{Regimbau:2011,
   author = {{Regimbau}, T.},
    title = "{The astrophysical gravitational wave stochastic background}",
  journal = {Research in Astronomy and Astrophysics},
archivePrefix = "arXiv",
   eprint = {1101.2762},
     year = 2011,
    month = apr,
   volume = 11,
    pages = {369-390},
      doi = {10.1088/1674-4527/11/4/001},
   adsurl = {http://adsabs.harvard.edu/abs/2011RAA....11..369R},
  adsnote = {Provided by the SAO/NASA Astrophysics Data System}
}

@article{Regimbau-Hughes:2009,
  title = {Gravitational-wave confusion background from cosmological compact binaries: Implications for future terrestrial detectors},
  author = {Regimbau, T. and Hughes, Scott A.},
  journal = {Phys. Rev. D},
  volume = {79},
  issue = {6},
  pages = {062002},
  numpages = {8},
  year = {2009},
  month = {Mar},
  publisher = {American Physical Society},
  doi = {10.1103/PhysRevD.79.062002}
} 
%url = {http://link.aps.org/doi/10.1103/PhysRevD.79.062002}


%%%%%%%%%%%%%%%%%%%%%%%%%%%%%%%%%%
@article{abrahams-94,
  author   = {Abrahams, A.M. and Cook, G.B.},
  eprint   = {gr-qc/9405051},
  journal  = {Phys. Rev. D},
  keywords = {Black holes, Perturbation theory},
  pages    = {R2364--R2367},
  title    = {Collisions of boosted black holes: Perturbation theory prediction of gravitational radiation},
  volume   = {50},
  year     = {1994}
}

@book{chandrasekhar-83,
  address   = {Oxford},
  author    = {Chandrasekhar, S.},
  gbs_id    = {LBOVcrzFfhsC},
  keywords  = {Black holes, Perturbation theory},
  publisher = {Clarendon Press},
  series    = {The International Series of Monographs on Physics},
  title     = {The Mathematical Theory of Black Holes},
  year      = {1983}
}

@incollection{thorne-87,
  address   = {Cambridge; New York},
  author    = {Thorne, K.S.},
  booktitle = {Three Hundred Years of Gravitation},
  editor    = {Hawking, S.W. and Israel, W.},
  keywords  = {Gravitational radiation, Gravitational wave detectors, Black holes},
  pages     = {330--458},
  publisher = {Cambridge University Press},
  title     = {Gravitational radiation},
  year      = {1987}
}

@online{aei-homepage,
  cited     = {12 October 1999},
  format    = {institutional homepage},
  keywords  = {Mathematical relativity, Numerical relativity, Quantum gravity},
  publisher = {Max Planck Institut for Gravitational Physics (Albert Einstein Institute},
  title     = {Home Page},
  url       = {http://www.aei.mpg.de}
}

@article{stergioulas-98,
  author   = {Stergioulas, N.},
  cited    = {20 August 1999},
  id       = {lrr-1998-8},
  journal  = {Living Rev. Relativity},
  keywords = {Relativistic stars, Perturbation theory},
  title    = {Rotating Stars in Relativity},
  url      = {http://www.livingreviews.org/lrr-1998-8},
  volume   = {1},
  year     = {1998}
}

@unpublished{williams-97,
  author   = {Williams, L.L.R. and Irwin, M.J.},
  format   = {submitted},
  journal  = {Mon. Not. R. Astron. Soc.},
  keywords = {Gravitational lenses},
  title    = {Angular correlations between LBQS and APM: Weak Lensing by the Large Scale Structure},
  year     = {1997}
}

@misc{friedman-98,
  author = {Friedman, J.L.},
  format = {personal communication},
  year   = {1998}
}

@misc{Fricke:2006,
  author = {Fricke, Tobin},
  format = {LIGO Stochastic Analysis Group, 20 Sep 2006 e-log entry},
  year   = {2006}
}

@proceedings{liege-93,
  address      = {Li{\`e}ge},
  editor       = {Surdej, J. and Fraipont-Caro, D. and Gosset, E. and Refsdal, S. and Remy, M.},
  keywords     = {Gravitational lenses},
  organization = {Li{\`e}ge Astrophysical Colloquium},
  publisher    = {Presses universitaires de Li{\`e}ge},
  title        = {Gravitational Lenses in the Universe, Proceedings of the 31th Li{\`e}ge Astrophysical Colloquium},
  year         = {1993}
}

@inproceedings{blandford-97,
  address    = {Cambridge; New York},
  author     = {Blandford, R. and Kundi{\'{c}}, T.},
  booktitle  = {The Extragalactic Distance Scale},
  conference = {Proceedings of the ST ScI Symposium, held in Baltimore, Maryland, May 7--10, 1996},
  editor     = {Livio, M. and Donahue, M. and Panagia, N.},
  eprint     = {astro-ph/9611229},
  keywords   = {Gravitational lenses},
  pages      = {60--75},
  publisher  = {Cambridge University Press},
  series     = {Space Telescope Science Institute Symposium Series},
  title      = {Gravitational Lensing and the Extragalactic Distance Scale},
  volume     = {10},
  year       = {1997}
}

@thesis{wambsganss-90,
  address  = {Munich},
  adsurl   = {http://adsabs.harvard.edu/abs/1990STIN...9222300W},
  author   = {Wambsganss, J.},
  format   = {phd},
  keywords = {Gravitational lenses},
  note     = {Also available as preprint MPA 550, MPI f{\"u}r Astrophysik},
  school   = {Ludwig-Maximilians-Universit{\"a}t},
  title    = {Gravitational Microlensing},
  year     = {1990}
}

@thesis{rampp-97,
  address  = {Munich},
  author   = {Rampp, M.},
  format   = {ma},
  keywords = {Numerical relativity, Neutron stars},
  school   = {Technische Universit{\"a}t},
  title    = {Berechnung des Gravitationswellensignals bei Entstehung und Verschmelzung von Neutronensternen},
  year     = {1997}
}

@techreport{lisa-96,
  address   = {Garching},
  id        = {MPQ 28},
  keywords  = {Gravitational wave detectors},
  publisher = {Max-Planck-Institut f{\"u}r Quantenoptik},
  title     = {LISA: Pre-phase A report, December 1995},
  year      = {1996}
}


%% dummy records for template:
@article{authorYear,
  author   = {Abrahams, A.M. and Cook, G.B.},
  eprint   = {gr-qc/9405051},
  journal  = {Phys. Rev. D},
  keywords = {Black holes, Perturbation theory},
  pages    = {R2364--R2367},
  title    = {Collisions of boosted black holes: Perturbation theory prediction of gravitational radiation},
  volume   = {50},
  year     = {1994}
}

@book{otherAuthorYear,
  address   = {Oxford},
  author    = {Chandrasekhar, S.},
  gbs_id    = {LBOVcrzFfhsC},
  keywords  = {Black holes, Perturbation theory},
  publisher = {Clarendon Press},
  series    = {The International Series of Monographs on Physics},
  title     = {The Mathematical Theory of Black Holes},
  year      = {1983}
}

%%%%%%%%%%%%%%%%%%

@ARTICLE{Coward-Burman:2005,
   author = {{Coward}, D.~M. and {Burman}, R.~R.},
    title = "{A cosmological `probability event horizon' and its observational implications}",
  journal = {\mnras},
   eprint = {astro-ph/0505181},
 keywords = {supernovae: general, cosmology: observations, gamma-rays: bursts},
     year = 2005,
    month = jul,
   volume = 361,
    pages = {362-368},
      doi = {10.1111/j.1365-2966.2005.09178.x},
   adsurl = {http://adsabs.harvard.edu/abs/2005MNRAS.361..362C},
  adsnote = {Provided by the SAO/NASA Astrophysics Data System}
}

@ARTICLE{2013MNRAS.433L...1S,
   author = {{Sesana}, A.},
    title = "{Systematic investigation of the expected gravitational wave signal from supermassive black hole binaries in the pulsar timing band}",
  journal = {MNRAS},
archivePrefix = "arXiv",
   eprint = {1211.5375},
 primaryClass = "astro-ph.CO",
 keywords = {black hole physics, gravitational waves, pulsars: general, galaxies: evolution},
     year = 2013,
    month = jun,
   volume = 433,
    pages = {L1-L5},
      doi = {10.1093/mnrasl/slt034},
   adsurl = {http://adsabs.harvard.edu/abs/2013MNRAS.433L...1S},
  adsnote = {Provided by the SAO/NASA Astrophysics Data System}
}

@incollection{Morris-Normand:1992,
  author      = {C. N. Morris and S. L. Normand},
  title       = {},
  editor      = {J. M. Bernardo, J. O. Berger, A. P. Dawid and A. F. M.~Smith},
  booktitle   = {Bayesian Statistics 4},
  publisher   = {Oxford University Press},
  address     = {Oxford},
  year        = 1992,
  pages       = {321-334}
}

@BOOK{Good:1965,
  title = {The Estimation of Probabilities: An Essay on Modern 
           Bayesian Methods},
  publisher = {MIT Press},
  address = {Cambridge, Massachusetts},
  year = {1965},
  author = {I. J. Good}
}

@ARTICLE{Cornish-Littenberg:2007,
  author = {Neil J. Cornish and Tyson B. Littenberg},
  journal = {\prd},
  title = {Tests of Bayesian Model Selection Techniques for 
           Gravitational Wave Astronomy},
  year = {2007},
  volume = {76},
  pages = {083006},
  eprint = {arXiv:gr-qc/0704.1808}
}

@ARTICLE{Regimbau-Mandic:2008,
  author = {Tania Regimbau and Vuk Mandic},
  journal = {\cqg},
  title = {Astrophysical Sources of Stochastic Gravitational-Wave 
           Background},
  year = {2008},
  volume = {25},
  pages = {184018},
  eprint = {arXiv:astro-ph/0806.2794}
}

@ARTICLE{Thrane:2013,
   author = {{Thrane}, E.},
    title = "{Measuring the non-Gaussian stochastic gravitational-wave background: A method for realistic interferometer data}",
  journal = {\prd},
archivePrefix = "arXiv",
   eprint = {1301.0263},
 primaryClass = "astro-ph.IM",
 keywords = {Gravitational radiation detectors, mass spectrometers, and other instrumentation and techniques},
     year = 2013,
    month = feb,
   volume = 87,
   number = 4,
      eid = {043009},
    pages = {043009},
      doi = {10.1103/PhysRevD.87.043009},
   adsurl = {http://adsabs.harvard.edu/abs/2013PhRvD..87d3009T},
  adsnote = {Provided by the SAO/NASA Astrophysics Data System}
}

@INPROCEEDINGS{Weisberg-Taylor:2005,
   author = {{Weisberg}, J.~M. and {Taylor}, J.~H.},
    title = "{The Relativistic Binary Pulsar B1913+16: Thirty Years of Observations and Analysis}",
booktitle = {Binary Radio Pulsars},
     year = 2005,
   series = {Astronomical Society of the Pacific Conference Series},
   volume = 328,
   eprint = {astro-ph/0407149},
   editor = {{Rasio}, F.~A. and {Stairs}, I.~H.},
    month = jul,
    pages = {25},
   adsurl = {http://adsabs.harvard.edu/abs/2005ASPC..328...25W},
  adsnote = {Provided by the SAO/NASA Astrophysics Data System}
}

@article{Price-Romano:2012,
	Adsnote = {Provided by the SAO/NASA Astrophysics Data System},
	Adsurl = {http://adsabs.harvard.edu/abs/2012AmJPh..80..376P},
	Author = {{Price}, R.~H. and {Romano}, J.~D.},
	Doi = {10.1119/1.3699245},
	Journal = {American Journal of Physics},
	Keywords = {atoms, cosmic acceleration, cosmology, further education, galaxies, physics education, stars, Stellar systems, interstellar medium, galactic and extragalactic objects and systems, the Universe},
	Month = may,
	Pages = {376-381},
	Title = {{In an expanding universe, what doesn't expand?}},
	Volume = 80,
	Year = 2012,
	Bdsk-Url-1 = {http://dx.doi.org/10.1119/1.3699245}}

@article{Romano-Price:2012,
	Adsnote = {Provided by the SAO/NASA Astrophysics Data System},
	Adsurl = {http://adsabs.harvard.edu/abs/2012AmJPh..80..519R},
	Author = {{Romano}, J.~D. and {Price}, R.~H.},
	Doi = {10.1119/1.3688678},
	Journal = {American Journal of Physics},
	Keywords = {partial differential equations, physics education, teaching, vectors, Mathematical methods in physics},
	Month = jun,
	Pages = {519-524},
	Title = {{Why no shear in ``Div, grad, curl, and all that''?}},
	Volume = 80,
	Year = 2012,
	Bdsk-Url-1 = {http://dx.doi.org/10.1119/1.3688678}}

@article{Whelan-et-al:2014,
	Archiveprefix = {arXiv},
	Author = {{Whelan}, J.~T. and {Robinson}, E.~L. and {Romano}, J.~D. and {Thrane} E.~H.},
	Eprint = {1205.3112},
	Journal = {Journal of Physics: Conference Series},
	Pages = {012027},
	Primaryclass = {gr-qc},
	Title = {{Treatment of Calibration Uncertainty in Multi-Baseline Cross-Correlation Searches for Gravitational Waves}},
	Volume = 484,
	Year = 2014}

@article{Siemens-et-al:2013,
	Adsnote = {Provided by the SAO/NASA Astrophysics Data System},
	Adsurl = {http://adsabs.harvard.edu/abs/2013CQGra..30v4015S},
	Archiveprefix = {arXiv},
	Author = {{Siemens}, X. and {Ellis}, J. and {Jenet}, F. and {Romano}, J.~D.},
	Doi = {10.1088/0264-9381/30/22/224015},
	Eid = {224015},
	Eprint = {1305.3196},
	Journal = {Classical and Quantum Gravity},
	Month = nov,
	Number = 22,
	Pages = {224015},
	Primaryclass = {astro-ph.IM},
	Title = {{The stochastic background: scaling laws and time to detection for pulsar timing arrays}},
	Volume = 30,
	Year = 2013,
	Bdsk-Url-1 = {http://dx.doi.org/10.1088/0264-9381/30/22/224015}}

@article{Robinson-et-al:2008,
	Adsnote = {Provided by the SAO/NASA Astrophysics Data System},
	Adsurl = {http://adsabs.harvard.edu/abs/2008CQGra..25r4019R},
	Archiveprefix = {arXiv},
	Author = {{Robinson}, E.~L. and {Romano}, J.~D. and {Vecchio}, A.},
	Doi = {10.1088/0264-9381/25/18/184019},
	Eid = {184019},
	Eprint = {0804.4144},
	Journal = {Classical and Quantum Gravity},
	Month = sep,
	Number = 18,
	Pages = {184019},
	Primaryclass = {gr-qc},
	Title = {{Search for a stochastic gravitational-wave signal in the second round of the Mock LISA Data Challenges}},
	Volume = 25,
	Year = 2008,
	Bdsk-Url-1 = {http://dx.doi.org/10.1088/0264-9381/25/18/184019}}

@article{Finn-Romano:2013,
	Author = {Finn, Lee Samuel and Romano, Joseph D.},
	Doi = {10.1103/PhysRevD.88.022001},
	Issue = {2},
	Journal = {Phys. Rev. D},
	Month = {Jul},
	Numpages = {5},
	Pages = {022001},
	Publisher = {American Physical Society},
	Title = {R\o{}mer time-delay determination of the gravitational-wave propagation speed},
	Url = {http://link.aps.org/doi/10.1103/PhysRevD.88.022001},
	Volume = {88},
	Year = {2013},
	Bdsk-Url-1 = {http://link.aps.org/doi/10.1103/PhysRevD.88.022001},
	Bdsk-Url-2 = {http://dx.doi.org/10.1103/PhysRevD.88.022001}}

@article{Thrane-Romano:2013,
	Author = {Thrane, Eric and Romano, Joseph D.},
	Doi = {10.1103/PhysRevD.88.124032},
	Issue = {12},
	Journal = {Phys. Rev. D},
	Month = {Dec},
	Numpages = {11},
	Pages = {124032},
	Publisher = {American Physical Society},
	Title = {Sensitivity curves for searches for gravitational-wave backgrounds},
	Url = {http://link.aps.org/doi/10.1103/PhysRevD.88.124032},
	Volume = {88},
	Year = {2013},
	Bdsk-Url-1 = {http://link.aps.org/doi/10.1103/PhysRevD.88.124032},
	Bdsk-Url-2 = {http://dx.doi.org/10.1103/PhysRevD.88.124032}}

@article{schumann1,
	Author = {Thrane, E. and Christensen, N. and Schofield, R. M. S.},
	Doi = {10.1103/PhysRevD.87.123009},
	Issue = {12},
	Journal = {\prd},
	Month = {Jun},
	Numpages = {6},
	Pages = {123009},
	Publisher = {American Physical Society},
	Title = {Correlated magnetic noise in global networks of gravitational-wave detectors: Observations and implications},
	Url = {http://link.aps.org/doi/10.1103/PhysRevD.87.123009},
	Volume = {87},
	Year = {2013},
	Bdsk-Url-1 = {http://link.aps.org/doi/10.1103/PhysRevD.87.123009},
	Bdsk-Url-2 = {http://dx.doi.org/10.1103/PhysRevD.87.123009}}

@article{schumann2,
	Author = {Thrane, E. and Christensen, N. and Schofield, R. M. S. and Effler, A.},
	Doi = {10.1103/PhysRevD.90.023013},
	Issue = {2},
	Journal = {\prd},
	Month = {Jul},
	Numpages = {16},
	Pages = {023013},
	Publisher = {American Physical Society},
	Title = {Correlated noise in networks of gravitational-wave detectors: Subtraction and mitigation},
	Url = {http://link.aps.org/doi/10.1103/PhysRevD.90.023013},
	Volume = {90},
	Year = {2014},
	Bdsk-Url-1 = {http://link.aps.org/doi/10.1103/PhysRevD.90.023013},
	Bdsk-Url-2 = {http://dx.doi.org/10.1103/PhysRevD.90.023013}}
	
@article{schumann3,
      author         = "Coughlin, Michael W. and others",
      title          = "{Subtraction of correlated noise in global networks of
                        gravitational-wave interferometers}",
      year           = "2016",
      eprint         = "1606.01011",
      archivePrefix  = "arXiv",
      primaryClass   = "gr-qc",
      SLACcitation   = "%%CITATION = ARXIV:1606.01011;%%"
}

@article{Demorest-et-al:2013,
	Adsnote = {Provided by the SAO/NASA Astrophysics Data System},
	Adsurl = {http://adsabs.harvard.edu/abs/2013ApJ...762...94D},
	Archiveprefix = {arXiv},
	Author = {{Demorest}, P.~B. and {Ferdman}, R.~D. and {Gonzalez}, M.~E. and {Nice}, D. and {Ransom}, S. and {Stairs}, I.~H. and {Arzoumanian}, Z. and {Brazier}, A. and {Burke-Spolaor}, S. and {Chamberlin}, S.~J. and {Cordes}, J.~M. and {Ellis}, J. and {Finn}, L.~S. and {Freire}, P. and {Giampanis}, S. and {Jenet}, F. and {Kaspi}, V.~M. and {Lazio}, J. and {Lommen}, A.~N. and {McLaughlin}, M. and {Palliyaguru}, N. and {Perrodin}, D. and {Shannon}, R.~M. and {Siemens}, X. and {Stinebring}, D. and {Swiggum}, J. and {Zhu}, W.~W.},
	Doi = {10.1088/0004-637X/762/2/94},
	Eid = {94},
	Eprint = {1201.6641},
	Journal = {\apj},
	Keywords = {gravitational waves, methods: data analysis, pulsars: general, pulsars: individual: J0030+0451 J0613-0200 J1012+5307 J1455-3330 J1600-3053 J1640+2224 J1643-1224 J1713+0747 J1744-1134 J1853+1308 B1855+09 J1909-3744 J1910+1256 J1918-0642 B1953+29 J2145-0750 J2317+1439},
	Month = jan,
	Pages = {94},
	Primaryclass = {astro-ph.CO},
	Title = {{Limits on the Stochastic Gravitational Wave Background from the North American Nanohertz Observatory for Gravitational Waves}},
	Volume = 762,
	Year = 2013,
	Bdsk-Url-1 = {http://dx.doi.org/10.1088/0004-637X/762/2/94}}

@ARTICLE{Aasi-et-al:H1H2,
   author = {{Aasi}, J. and {Abadie}, J. and {Abbott}, B.~P. and {Abbott}, R. and 
	{Abbott}, T. and {Abernathy}, M.~R. and {Accadia}, T. and {Acernese}, F. and 
	{Adams}, C. and {Adams}, T. and et al.},
    title = "{Searching for stochastic gravitational waves using data from the two colocated LIGO Hanford detectors}",
  journal = {\prd},
archivePrefix = "arXiv",
   eprint = {1410.6211},
 primaryClass = "gr-qc",
 keywords = {Gravitational radiation magnetic fields and other observations, Gravitational wave detectors and experiments, Data analysis: algorithms and implementation, data management, Neutron stars},
     year = 2015,
    month = jan,
   volume = 91,
   number = 2,
      eid = {022003},
    pages = {022003},
      doi = {10.1103/PhysRevD.91.022003},
   adsurl = {http://adsabs.harvard.edu/abs/2015PhRvD..91b2003A},
  adsnote = {Provided by the SAO/NASA Astrophysics Data System}
}

@article{LIGO-Virgo-S6stoch,
	Archiveprefix = {arXiv},
	Author = {J. Aasi and others},
	Collaboration = {LIGO Scientific Collaboration and Virgo Collaboration},
	Eprint = {1406.4556v2},
	Journal = {\prl\ (in print)},
	Primaryclass = {astro-ph.CO},
	Title = {{Improved Upper Limits on the Stochastic Gravitational-Wave Background from 2009-2010 LIGO and Virgo Data}},
	Year = {2014}}


@ARTICLE{Flauger-et-al:2014,
   author = {{Flauger}, R. and {Hill}, J.~C. and {Spergel}, D.~N.},
    title = "{Toward an understanding of foreground emission in the BICEP2 region}",
  journal = {\jcap},
archivePrefix = "arXiv",
   eprint = {1405.7351},
     year = 2014,
    month = aug,
   volume = 8,
      eid = {039},
    pages = {039},
      doi = {10.1088/1475-7516/2014/08/039},
   adsurl = {http://adsabs.harvard.edu/abs/2014JCAP...08..039F},
  adsnote = {Provided by the SAO/NASA Astrophysics Data System}
}

@ARTICLE{Mortonson-Seljack:2014,
   author = {{Mortonson}, M.~J. and {Seljak}, U.},
    title = "{A joint analysis of Planck and BICEP2 B modes including dust polarization uncertainty}",
  journal = {\jcap},
archivePrefix = "arXiv",
   eprint = {1405.5857},
     year = 2014,
    month = oct,
   volume = 10,
      eid = {035},
    pages = {035},
      doi = {10.1088/1475-7516/2014/10/035},
   adsurl = {http://adsabs.harvard.edu/abs/2014JCAP...10..035M},
  adsnote = {Provided by the SAO/NASA Astrophysics Data System}
}


@article{BICEP2:2014,
	Author = {P. A. Ade and others},
	Collaboration = {BICEP2 Collaboration},
	Issue = {24},
	Journal = {\prl},
	Month = {Jun},
	Numpages = {25},
	Pages = {241101},
	Publisher = {American Physical Society},
	Title = {{Detection of $B$-Mode Polarization at Degree Angular Scales by BICEP2}},
	Volume = {112},
	Year = {2014}}

@ARTICLE{BICEP2/Keck-Planck:2015,
   author = {{BICEP2/Keck and Planck Collaborations} and {Ade}, P.~A.~R. and 
	{Aghanim}, N. and {Ahmed}, Z. and {Aikin}, R.~W. and {Alexander}, K.~D. and 
	{Arnaud}, M. and {Aumont}, J. and {Baccigalupi}, C. and {Banday}, A.~J. and et al.},
    title = "{Joint Analysis of BICEP2/Keck Array and Planck Data}",
  journal = {Physical Review Letters},
archivePrefix = "arXiv",
   eprint = {1502.00612},
 keywords = {Background radiations, Gravitational wave detectors and experiments, Radio microwave, Observational cosmology},
     year = 2015,
    month = mar,
   volume = 114,
   number = 10,
      eid = {101301},
    pages = {101301},
      doi = {10.1103/PhysRevLett.114.101301},
   adsurl = {http://adsabs.harvard.edu/abs/2015PhRvL.114j1301B},
  adsnote = {Provided by the SAO/NASA Astrophysics Data System}
}

@article{LIGO:1992,
	Author = {A. Abramovici and W. E. Althouse and R. W. P. Drever and Y. Gursel and S. Kawamura and F. J. Raab and D. Shoemaker and L. Sievers and R. E. Spero and K. S. Thorne and R. E. Vogt and R. Weiss and S. E. Whitcomb and M. E. Zucker},
	Journal = {Science},
	Pages = {325-333},
	Title = {{LIGO: The Laser Interferometer Gravitational-Wave Observatory}},
	Volume = {256},
	Year = {1992}}

@article{Hulse-Taylor:1975,
	Author = {R. A. Hulse and J. H. Taylor},
	Journal = {\apj},
	Number = {2},
	Pages = {L51-L53},
	Title = {Discovery of a pulsar in a binary system},
	Volume = {195},
	Year = {1975}}

@ARTICLE{Thrane-et-al:2009,
   author = {{Thrane}, E. and {Ballmer}, S. and {Romano}, J.~D. and {Mitra}, S. and 
	{Talukder}, D. and {Bose}, S. and {Mandic}, V.},
    title = "{Probing the anisotropies of a stochastic gravitational-wave background using a network of ground-based laser interferometers}",
  journal = {\prd},
archivePrefix = "arXiv",
   eprint = {0910.0858},
 primaryClass = "astro-ph.IM",
 keywords = {Gravitational radiation detectors, mass spectrometers, and other instrumentation and techniques, Wave generation and sources},
     year = 2009,
    month = dec,
   volume = 80,
   number = 12,
      eid = {122002},
    pages = {122002},
      doi = {10.1103/PhysRevD.80.122002},
   adsurl = {http://adsabs.harvard.edu/abs/2009PhRvD..80l2002T},
  adsnote = {Provided by the SAO/NASA Astrophysics Data System}
}

@article{Abbott-et-al:S4-radiometer,
	Author = {B. Abbott and others},
	Eprint = {astro-ph/0703234},
	Journal = {\prd},
	Pages = {082003},
	Title = {Upper limit map of a background of gravitational waves},
	Volume = {76},
	Year = {2007}}

@ARTICLE{Allen-Ottewill:1997,
   author = {{Allen}, B. and {Ottewill}, A.~C.},
    title = "{Detection of anisotropies in the gravitational-wave stochastic background}",
  journal = {\prd},
   eprint = {gr-qc/9607068},
 keywords = {Gravitational wave detectors and experiments, Wave generation and sources, Binary and multiple stars, Observational cosmology},
     year = 1997,
    month = jul,
   volume = 56,
    pages = {545-563},
      doi = {10.1103/PhysRevD.56.545},
   adsurl = {http://adsabs.harvard.edu/abs/1997PhRvD..56..545A},
  adsnote = {Provided by the SAO/NASA Astrophysics Data System}
}

@book{delCastillo,
	Author = {G. F. Torres del Castillo},
	Publisher = {Springer, New York},
	Title = {{3-D Spinors, Spin-Weighted Functions and their Applications}},
	Year = {2003}}

@book{Griffiths-EM,
	Author = {D. J. Griffiths},
	Publisher = {Prentice-Hall Inc., New Jersey}, 
	Title = {{Introduction to electrodynamics, 3rd Ed.}},
	Year = {1999}}

@article{Christensen:1992,
	Adsnote = {Provided by the SAO/NASA Astrophysics Data System},
	Adsurl = {http://adsabs.harvard.edu/abs/1992PhRvD..46.5250C},
	Author = {{Christensen}, N.},
	Doi = {10.1103/PhysRevD.46.5250},
	Journal = {\prd},
	Keywords = {Observational cosmology},
	Month = dec,
	Pages = {5250-5266},
	Title = {{Measuring the stochastic gravitational-radiation background with laser-interferometric antennas}},
	Volume = {46},
	Year = {1992},
	Bdsk-Url-1 = {http://dx.doi.org/10.1103/PhysRevD.46.5250}}

@ARTICLE{Cornish:2001,
   author = {{Cornish}, N.~J.},
    title = "{Mapping the gravitational-wave background}",
  journal = {Classical and Quantum Gravity},
   eprint = {astro-ph/0105374},
     year = 2001,
    month = oct,
   volume = 18,
    pages = {4277-4291},
      doi = {10.1088/0264-9381/18/20/307},
   adsurl = {http://adsabs.harvard.edu/abs/2001CQGra..18.4277C},
  adsnote = {Provided by the SAO/NASA Astrophysics Data System}
}

@ARTICLE{Cornish-vanHaasteren:2014,
   author = {{Cornish}, N.~J. and {van Haasteren}, R.},
    title = "{Mapping the nano-Hertz gravitational wave sky}",
  journal = {ArXiv e-prints},
    pages = {},
   volume = {},
archivePrefix = "arXiv",
   eprint = {1406.4511},
 primaryClass = "gr-qc",
 keywords = {General Relativity and Quantum Cosmology, Astrophysics - High Energy Astrophysical Phenomena},
     year = 2014,
    month = jun,
   adsurl = {http://adsabs.harvard.edu/abs/2014arXiv1406.4511C},
  adsnote = {Provided by the SAO/NASA Astrophysics Data System}}

@article{Cornish-Romano:2013,
	Adsnote = {Provided by the SAO/NASA Astrophysics Data System},
	Adsurl = {http://adsabs.harvard.edu/abs/2013PhRvD..87l2003C},
	Archiveprefix = {arXiv},
	Author = {N. J. Cornish and J. D. Romano},
	Doi = {10.1103/PhysRevD.87.122003},
	Eid = {122003},
	Eprint = {1305.2934},
	Journal = {\prd},
	Keywords = {Gravitational wave detectors and experiments, Wave generation and sources, Data analysis: algorithms and implementation, data management, Gravitational radiation detectors, mass spectrometers, and other instrumentation and techniques},
	Month = jun,
	Number = {12},
	Pages = {122003},
	Primaryclass = {gr-qc},
	Title = {Towards a unified treatment of gravitational-wave data analysis},
	Volume = {87},
	Year = {2013},
	Bdsk-Url-1 = {http://dx.doi.org/10.1103/PhysRevD.87.122003}}

@article{Cutler:2010,
	Author = {Cutler, Curt},
	Doi = {10.1103/PhysRevD.57.7089},
	Issue = {12},
	Journal = {\prd},
	Month = {Jun},
	Numpages = {0},
	Pages = {7089--7102},
	Publisher = {American Physical Society},
	Title = {{Angular resolution of the LISA gravitational wave detector}},
	Url = {http://link.aps.org/doi/10.1103/PhysRevD.57.7089},
	Volume = {57},
	Year = {1998},
	Bdsk-Url-1 = {http://link.aps.org/doi/10.1103/PhysRevD.57.7089},
	Bdsk-Url-2 = {http://dx.doi.org/10.1103/PhysRevD.57.7089}}

@article{estabrook:1975,
	Author = {F. B. Estabrook and H. D. Wahlquist},
	Journal = {General Relativity and Gravitation},
	Pages = {439-447},
	Volume = {6},
	Year = {1975}}

@ARTICLE{Gair-et-al:2010,
   author = {{Gair}, J.~R. and {Feroz}, F. and {Babak}, S. and {Graff}, P. and 
	{Hobson}, M.~P. and {Petiteau}, A. and {Porter}, E.~K.},
    title = "{Nested sampling as a tool for LISA data analysis}",
  journal = {Journal of Physics Conference Series},
     year = 2010,
    month = may,
   volume = 228,
   number = 1,
      eid = {012010},
    pages = {012010},
      doi = {10.1088/1742-6596/228/1/012010},
   adsurl = {http://adsabs.harvard.edu/abs/2010JPhCS.228a2010G},
  adsnote = {Provided by the SAO/NASA Astrophysics Data System}
}

@article{Feroz-Hobson:2008,
	Author = {F. Feroz and M. P. Hobson},
	Journal = {\mnras},
	Pages = {449-463},
	Volume = {384},
	Year = {2008}}

@article{Feroz-et-al:2009,
	Author = {F. Feroz and M. P. Hobson and M. Bridges},
	Journal = {\mnras},
	Pages = {1601-1614},
	Volume = {398},
	Year = {2009}}

@article{importanceMultiNest2013,
	Author = {F. Feroz and M. P. Hobson and E. Cameron and A. N. Pettitt},
	Journal = {ArXiv e-prints},
	Year = {2013}}

@ARTICLE{Finn-et-al:2009,
   author = {{Finn}, L.~S. and {Larson}, S.~L. and {Romano}, J.~D.},
    title = "{Detecting a stochastic gravitational-wave background: The overlap reduction function}",
  journal = {\prd},
archivePrefix = "arXiv",
   eprint = {0811.3582},
 primaryClass = "gr-qc",
 keywords = {Gravitational wave detectors and experiments, Gravitational waves: theory, Gravitational radiation detectors, mass spectrometers, and other instrumentation and techniques},
     year = 2009,
    month = mar,
   volume = 79,
   number = 6,
      eid = {062003},
    pages = {062003},
      doi = {10.1103/PhysRevD.79.062003},
   adsurl = {http://adsabs.harvard.edu/abs/2009PhRvD..79f2003F},
  adsnote = {Provided by the SAO/NASA Astrophysics Data System}
}

@article{Goldberg:1967,
	Author = {J. N. Goldberg and A. J. MacFarlane and E. T. Newman and F. Rohrlich and E. C. G. Sudarshan},
        Title = "{Spin-$s$ Spherical Harmonics and $\eth$}",
	Journal = {Journal of Mathematical Physics},
	Number = {11},
	Pages = {2155},
	Volume = {8},
	Year = {1967}}

@article{Flanagan:1993,
	Author = {{\'{E}}anna {\'{E}}. Flanagan},
	Title = "{Sensitivity of the Laser Interferometer Gravitational Wave Observatory to a stochastic
                  background, and its dependence on the detector orientations}",
        Journal = {\prd},
	Pages = {2389},
	Volume = {48},
	Year = {1993}}

@ARTICLE{Foster-Backer:1990,
   author = {{Foster}, R.~S. and {Backer}, D.~C.},
    title = "{Constructing a pulsar timing array}",
  journal = {\apj},
 keywords = {Atomic Clocks, Error Analysis, Pulsars, Time Measuring Instruments, Time Signals, Earth Rotation, Gravitational Waves, Polynomials, Telescopes, Time Measurement},
     year = 1990,
    month = sep,
   volume = 361,
    pages = {300-308},
      doi = {10.1086/169195},
   adsurl = {http://adsabs.harvard.edu/abs/1990ApJ...361..300F},
  adsnote = {Provided by the SAO/NASA Astrophysics Data System}
}

@article{HEALPix,
	Author = {K. M. G\'{o}rski and E. Hivon and A. J. Banday and B. D. Wandelt and F. K. Hansen and M. Reinecke and M. Bartelmann},
	Journal = {Astrophysical Journal},
	Pages = {759},
	Volume = {622},
	Year = {2005}}

@ARTICLE{Gair-et-al:2014,
   author = {{Gair}, J. and {Romano}, J.~D. and {Taylor}, S. and {Mingarelli}, C.~M.~F.
	},
    title = "{Mapping gravitational-wave backgrounds using methods from CMB analysis: Application to pulsar timing arrays}",
  journal = {\prd},
archivePrefix = "arXiv",
   eprint = {1406.4664},
 primaryClass = "gr-qc",
 keywords = {Gravitational wave detectors and experiments, Wave generation and sources, Data analysis: algorithms and implementation, data management, Gravitational radiation detectors, mass spectrometers, and other instrumentation and techniques},
     year = 2014,
    month = oct,
   volume = 90,
   number = 8,
      eid = {082001},
    pages = {082001},
      doi = {10.1103/PhysRevD.90.082001},
   adsurl = {http://adsabs.harvard.edu/abs/2014PhRvD..90h2001G},
  adsnote = {Provided by the SAO/NASA Astrophysics Data System}
}

@article{Grishchuk:2005,
	Author = {L. P. Grishchuk},
	Issue = {12},
	Journal = {Physics Uspekhi},
	Pages = {1235-1247},
	Volume = {48},
	Year = {2005}}

@article{vanHaasteren-Levin:2012,
	Author = {R. van Haasteren and Y. Levin},
	Journal = {\mnras},
	Pages = {1147-1159},
	Volume = {428},
	Year = {2013}}

@article{vanHaasteren-et-al:2011,
	Author = {R. van Haasteren and others},
	Issue = {4},
	Journal = {\mnras},
	Pages = {3117-3128},
	Volume = {414},
	Year = {2011}}

@article{aLIGO,
	Author = {G. M. Harry and others},
	Journal = {\cqg},
	Pages = {084006},
	Volume = {27},
	Year = {2010}}

@article{WMAP:2006,
	Author = {G. Hinshaw and others},
	Eprint = {astro-ph/0603451},
	Journal = {In press},
	Year = {2006}}

@article{KKS:1997,
	Author = {M. Kamionkowski and A. Kosowsky and A. Stebbins},
        Title = "{Statistics of cosmic microwave background polarization}",
	Journal = {\prd},
	Pages = {7368-7388},
	Volume = {55},
	Year = {1997}}

@book{Kolb-Turner:1999,
	Author = {E. W. Kolb and M. Turner},
	Publisher = {Addison Wesley},
	Title = {The Early Universe},
	Year = {1990}}

@article{Lee:2014,
	Author = {K. J. Lee},
	Journal = {arXiv:1404.2090},
	Year = {2014}}

@INPROCEEDINGS{Lee-et-al:2007,
   author = {{Lee}, K. and {Jenet}, F. and {Price}, R.},
    title = "{Detecting Gravitational Waves of Alternative Theories Using Pulsar Timing}",
booktitle = {American Astronomical Society Meeting Abstracts},
     year = 2007,
   series = {Bulletin of the American Astronomical Society},
   volume = 39,
    month = dec,
      eid = {102.07},
    pages = {918},
   adsurl = {http://adsabs.harvard.edu/abs/2007AAS...21110207L},
  adsnote = {Provided by the SAO/NASA Astrophysics Data System}
}

@ARTICLE{Lee-et-al:2008,
   author = {{Lee}, K.~J. and {Jenet}, F.~A. and {Price}, R.~H.},
    title = "{Pulsar Timing as a Probe of Non-Einsteinian Polarizations of Gravitational Waves}",
  journal = {\apj},
 keywords = {Gravitational Waves, Stars: Pulsars: General},
     year = 2008,
    month = oct,
   volume = 685,
    pages = {1304-1319},
      doi = {10.1086/591080},
   adsurl = {http://adsabs.harvard.edu/abs/2008ApJ...685.1304L},
  adsnote = {Provided by the SAO/NASA Astrophysics Data System}
}

@article{Lee-et-al:2011,
	Author = {K. J. Lee and N. Wex and M. Kramer and others},
	Journal = {\mnras},
	Pages = {3251},
	Volume = {414},
	Year = {2011}}

@book{Maggiore-book,
	Author = {M. Maggiore},
	Publisher = {Oxford University Press, New York},
	Title = {Gravitational Waves, Vol 1, Theory and Experiments},
	Year = {2008}}

@ARTICLE{Maggiore:2000,
   author = {{Maggiore}, M.},
    title = "{Gravitational wave experiments and early universe cosmology}",
  journal = {\physrep},
   eprint = {gr-qc/9909001},
     year = 2000,
    month = jul,
   volume = 331,
    pages = {283-367},
      doi = {10.1016/S0370-1573(99)00102-7},
   adsurl = {http://adsabs.harvard.edu/abs/2000PhR...331..283M},
  adsnote = {Provided by the SAO/NASA Astrophysics Data System}
}

@ARTICLE{Mingarelli-et-al:2013,
   author = {{Mingarelli}, C.~M.~F. and {Sidery}, T. and {Mandel}, I. and 
	{Vecchio}, A.},
    title = "{Characterizing gravitational wave stochastic background anisotropy with pulsar timing arrays}",
  journal = {\prd},
archivePrefix = "arXiv",
   eprint = {1306.5394},
 primaryClass = "astro-ph.HE",
 keywords = {Gravitational wave detectors and experiments, Numerical studies of black holes and black-hole binaries, Gravitational waves: theory, Pulsars},
     year = 2013,
    month = sep,
   volume = 88,
   number = 6,
      eid = {062005},
    pages = {062005},
      doi = {10.1103/PhysRevD.88.062005},
   adsurl = {http://adsabs.harvard.edu/abs/2013PhRvD..88f2005M},
  adsnote = {Provided by the SAO/NASA Astrophysics Data System}
}

@unpublished{Mingarelli-Sidery:2014,
	Author = {{Mingarelli}, C. M. F. and {Sidery}, T.},
	Month = {June},
	Note = {Submitted to PRD},
	Owner = {chiara},
	Timestamp = {2014.06.16},
	Title = {{The effect of small intra-pulsar distance variations in stochastic gravitational wave background searches with Pulsar Timing Arrays}},
	Year = {2014}}

@ARTICLE{Mitra-et-al:2008,
   author = {{Mitra}, S. and {Dhurandhar}, S. and {Souradeep}, T. and {Lazzarini}, A. and 
	{Mandic}, V. and {Bose}, S. and {Ballmer}, S.},
    title = "{Gravitational wave radiometry: Mapping a stochastic gravitational wave background}",
  journal = {\prd},
archivePrefix = "arXiv",
   eprint = {0708.2728},
 primaryClass = "gr-qc",
 keywords = {Gravitational wave detectors and experiments, Wave generation and sources, Gravitational radiation detectors, mass spectrometers, and other instrumentation and techniques, Background radiations},
     year = 2008,
    month = feb,
   volume = 77,
   number = 4,
      eid = {042002},
    pages = {042002},
      doi = {10.1103/PhysRevD.77.042002},
   adsurl = {http://adsabs.harvard.edu/abs/2008PhRvD..77d2002M},
  adsnote = {Provided by the SAO/NASA Astrophysics Data System}
}


@article{NewmanPenrose:1966,
	Author = {E. T. Newman and R. Penrose},
	Journal = {Journal of Mathematical Physics},
	Pages = {863},
	Volume = {7},
	Year = {1966}}

@article{Shannon-et-al:2013,
	Abstract = {The formation and growth processes of supermassive black holes (SMBHs) are not well constrained. SMBH population models, however, provide specific predictions for the properties of the gravitational-wave background (GWB) from binary SMBHs in merging galaxies throughout the universe. Using observations from the Parkes Pulsar Timing Array, we constrain the fractional GWB energy density (Î©GW) with 95% confidence to be Î©GW(H0/73 kilometers per second per megaparsec)2 < 1.3 Ã 10â9 (where H0 is the Hubble constant) at a frequency of 2.8 nanohertz, which is approximately a factor of 6 more stringent than previous limits. We compare our limit to models of the SMBH population and find inconsistencies at confidence levels between 46 and 91%. For example, the standard galaxy formation model implemented in the Millennium Simulation Project is inconsistent with our limit with 50% probability.},
	Author = {Shannon, R. M. and Ravi, V. and Coles, W. A. and Hobbs, G. and Keith, M. J. and Manchester, R. N. and Wyithe, J. S. B. and Bailes, M. and Bhat, N. D. R. and Burke-Spolaor, S. and Khoo, J. and Levin, Y. and Os{\l}owski, S. and Sarkissian, J. M. and van Straten, W. and Verbiest, J. P. W. and Wang, J.-B.},
	Doi = {10.1126/science.1238012},
	Eprint = {http://www.sciencemag.org/content/342/6156/334.full.pdf},
	Journal = {Science},
	Number = {6156},
	Pages = {334-337},
	Title = {Gravitational-Wave Limits from Pulsar Timing Constrain Supermassive Black Hole Evolution},
	Url = {http://www.sciencemag.org/content/342/6156/334.abstract},
	Volume = {342},
	Year = {2013},
	Bdsk-Url-1 = {http://www.sciencemag.org/content/342/6156/334.abstract},
	Bdsk-Url-2 = {http://dx.doi.org/10.1126/science.1238012}}

@book{Sivia:1996,
	Author = {D. S. Sivia},
	Publisher = {Oxford University Press},
	Title = {{Data analysis: a Bayesian tutorial}},
	Year = {1996}}

@article{Skilling:2006,
	Author = {J. Skilling},
	Journal = {Bayesian Analysis},
	Optnumber = {4},
	Optpages = {833-860},
	Pages = {833},
	Title = {{Nested sampling for general Bayesian computation}},
	Volume = {1},
	Year = {2006}}

@article{Skilling:2004,
	Author = {J. Skilling},
	Journal = {AIP Conference Proceedings},
	Pages = {395--405},
	Url = {http://scitation.aip.org/content/aip/proceeding/aipcp/10.1063/1.1835238},
	Volume = {735},
	Year = {2004},
	Bdsk-Url-1 = {http://scitation.aip.org/content/aip/proceeding/aipcp/10.1063/1.1835238}}

@ARTICLE{Taylor-Gair:2013,
   author = {{Taylor}, S.~R. and {Gair}, J.~R.},
    title = "{Searching for anisotropic gravitational-wave backgrounds using pulsar timing arrays}",
  journal = {\prd},
archivePrefix = "arXiv",
   eprint = {1306.5395},
 primaryClass = "gr-qc",
 keywords = {Gravitational waves: theory, Gravitational wave detectors and experiments, Pulsars, Gravitational radiation detectors, mass spectrometers, and other instrumentation and techniques},
     year = 2013,
    month = oct,
   volume = 88,
   number = 8,
      eid = {084001},
    pages = {084001},
      doi = {10.1103/PhysRevD.88.084001},
   adsurl = {http://adsabs.harvard.edu/abs/2013PhRvD..88h4001T},
  adsnote = {Provided by the SAO/NASA Astrophysics Data System}
}

@article{Taylor-IPTAchallenge2013,
	Author = {S. R. Taylor and J. R. Gair and L. Lentati},
	Journal = {\prd},
	Pages = {044035},
	Volume = {87},
	Year = {2013}}

@article{Thorne:1980,
	Author = {K. S. Thorne},
	Journal = {Reviews of Modern Physics},
	Pages = {299},
	Title = {Multipole expansions of gravitational radiation},
	Volume = {52},
	Year = {1980}}

@misc{matlab-multinest:web,
	Title = {\url{http://ccpforge.cse.rl.ac.uk/gf/project/multinest/frs/}}}

@misc{matlab,
	Title = {\url{http://www.mathworks.com/}}}

@misc{LIGO:web,
	Title = {\url{http://www.ligo.caltech.edu/}}}

@misc{griphyn:web,
	Title = {\url{http://www.usatlas.bnl.gov/computing/grid/griphyn/}}}

@misc{nanograv:web,
	Title = {\url{http://nanograv.org/}}}

@misc{Planck:web,
	Title = {\url{http://sci.esa.int/planck/}}}

@misc{BICEP2:web,
	Title = {\url{https://www.cfa.harvard.edu/CMB/bicep2/}}}

@misc{BICEP/Keck:web,
	Title = {\url{http://bicepkeck.org/}}}

@misc{Pathfinder:web,
	Title = {\url{http://sci.esa.int/lisa-pathfinder/}}}

@misc{eLISA:web,
	Title = {\url{https://www.elisascience.org/}}}

@misc{eLISA:whitepaper,
	Title = {\url{https://www.elisascience.org/whitepaper/}}}

@misc{ESA-CosmicVision:web,
        Title = {\url{http://sci.esa.int/cosmic-vision/}}}

@ARTICLE{Pathfinder:2016,
   author = {{Armano}, M. and {Audley}, H. and {Auger}, G. and {Baird}, J.~T. and 
	{Bassan}, M. and {Binetruy}, P. and {Born}, M. and {Bortoluzzi}, D. and 
	{Brandt}, N. and {Caleno}, M. and {Carbone}, L. and {Cavalleri}, A. and 
	{Cesarini}, A. and {Ciani}, G. and {Congedo}, G. and {Cruise}, A.~M. and 
	{Danzmann}, K. and {de Deus Silva}, M. and {De Rosa}, R. and 
	{Diaz-Aguil{\'o}}, M. and {Di Fiore}, L. and {Diepholz}, I. and 
	{Dixon}, G. and {Dolesi}, R. and {Dunbar}, N. and {Ferraioli}, L. and 
	{Ferroni}, V. and {Fichter}, W. and {Fitzsimons}, E.~D. and 
	{Flatscher}, R. and {Freschi}, M. and {Garc{\'{\i}}a Mar{\'{\i}}n}, A.~F. and 
	{Garc{\'{\i}}a Marirrodriga}, C. and {Gerndt}, R. and {Gesa}, L. and 
	{Gibert}, F. and {Giardini}, D. and {Giusteri}, R. and {Guzm{\'a}n}, F. and 
	{Grado}, A. and {Grimani}, C. and {Grynagier}, A. and {Grzymisch}, J. and 
	{Harrison}, I. and {Heinzel}, G. and {Hewitson}, M. and {Hollington}, D. and 
	{Hoyland}, D. and {Hueller}, M. and {Inchausp{\'e}}, H. and 
	{Jennrich}, O. and {Jetzer}, P. and {Johann}, U. and {Johlander}, B. and 
	{Karnesis}, N. and {Kaune}, B. and {Korsakova}, N. and {Killow}, C.~J. and 
	{Lobo}, J.~A. and {Lloro}, I. and {Liu}, L. and {L{\'o}pez-Zaragoza}, J.~P. and 
	{Maarschalkerweerd}, R. and {Mance}, D. and {Mart{\'{\i}}n}, V. and 
	{Martin-Polo}, L. and {Martino}, J. and {Martin-Porqueras}, F. and 
	{Madden}, S. and {Mateos}, I. and {McNamara}, P.~W. and {Mendes}, J. and 
	{Mendes}, L. and {Monsky}, A. and {Nicolodi}, D. and {Nofrarias}, M. and 
	{Paczkowski}, S. and {Perreur-Lloyd}, M. and {Petiteau}, A. and 
	{Pivato}, P. and {Plagnol}, E. and {Prat}, P. and {Ragnit}, U. and 
	{Ra{\"i}s}, B. and {Ramos-Castro}, J. and {Reiche}, J. and {Robertson}, D.~I. and 
	{Rozemeijer}, H. and {Rivas}, F. and {Russano}, G. and {Sanju{\'a}n}, J. and 
	{Sarra}, P. and {Schleicher}, A. and {Shaul}, D. and {Slutsky}, J. and 
	{Sopuerta}, C.~F. and {Stanga}, R. and {Steier}, F. and {Sumner}, T. and 
	{Texier}, D. and {Thorpe}, J.~I. and {Trenkel}, C. and {Tr{\"o}bs}, M. and 
	{Tu}, H.~B. and {Vetrugno}, D. and {Vitale}, S. and {Wand}, V. and 
	{Wanner}, G. and {Ward}, H. and {Warren}, C. and {Wass}, P.~J. and 
	{Wealthy}, D. and {Weber}, W.~J. and {Wissel}, L. and {Wittchen}, A. and 
	{Zambotti}, A. and {Zanoni}, C. and {Ziegler}, T. and {Zweifel}, P.
	},
    title = "{Sub-Femto-g Free Fall for Space-Based Gravitational Wave Observatories: LISA Pathfinder Results}",
  journal = {Physical Review Letters},
     year = 2016,
    month = jun,
   volume = 116,
   number = 23,
      eid = {231101},
    pages = {231101},
      doi = {10.1103/PhysRevLett.116.231101},
   adsurl = {http://adsabs.harvard.edu/abs/2016PhRvL.116w1101A},
  adsnote = {Provided by the SAO/NASA Astrophysics Data System}
}

@misc{AdvVirgo-techReport,
	Journal = {Virgo Technical Report, VIR-0027A-09},
	Title = {Advanced Virgo Baseline Design},
	Url = {https://pub3.ego-gw.it/itf/tds/file.php?callFile=VIR-0027A-09.pdf},
	Year = {2009},
	Bdsk-Url-1 = {https://pub3.ego-gw.it/itf/tds/file.php?callFile=VIR-0027A-09.pdf}}

@article{celebratingeinstein,
	Author = {N. Yunes and J.S. Key},
	Date-Added = {2014-10-14 18:34:42 +0000},
	Date-Modified = {2014-10-14 18:35:42 +0000},
	Journal = {http://celebratingeinstein.org},
	Title = {{Celebrating Einstein}},
	Year = {2013}}

@article{insidescience,
	Author = {J.S. Key and N. Yunes},
	Date-Added = {2014-10-14 18:33:43 +0000},
	Date-Modified = {2014-10-14 18:36:15 +0000},
	Journal = {Inside Science Minds},
	Month = {March},
	Title = {{Celebrating Einstein Through 100 Years Of General Relativity}},
	Year = {2013}}
	
@ARTICLE{bayesline,
   author = {{Littenberg}, T.~B. and {Cornish}, N.~J.},
    title = "{Bayesian inference for spectral estimation of gravitational wave detector noise}",
  journal = {\prd},
archivePrefix = "arXiv",
   eprint = {1410.3852},
 primaryClass = "gr-qc",
 keywords = {Gravitational waves: theory, Gravitational wave detectors and experiments, Gravitational radiation detectors, mass spectrometers, and other instrumentation and techniques},
     year = 2015,
    month = apr,
   volume = 91,
   number = 8,
      eid = {084034},
    pages = {084034},
      doi = {10.1103/PhysRevD.91.084034},
   adsurl = {http://adsabs.harvard.edu/abs/2015PhRvD..91h4034L},
  adsnote = {Provided by the SAO/NASA Astrophysics Data System}
}

	
@article{bayeswave,
      author         = "Cornish, Neil J. and Littenberg, Tyson B.",
      title          = "{BayesWave: Bayesian Inference for Gravitational Wave
                        Bursts and Instrument Glitches}",
      journal        = "Class. Quant. Grav.",
      volume         = "32",
      year           = "2015",
      number         = "13",
      pages          = "135012",
      doi            = "10.1088/0264-9381/32/13/135012",
      eprint         = "1410.3835",
      archivePrefix  = "arXiv",
      primaryClass   = "gr-qc",
      SLACcitation   = "%%CITATION = ARXIV:1410.3835;%%"
}

@article{2006LRR.....9....3W,
	Adsnote = {Provided by the SAO/NASA Astrophysics Data System},
	Adsurl = {http://adsabs.harvard.edu/abs/2006LRR.....9....3W},
	Author = {{Will}, C.~M.},
	Doi = {10.12942/lrr-2006-3},
	Eprint = {gr-qc/0510072},
	Journal = {Living Reviews in Relativity},
	Keywords = {tests of relativistic gravity, theories of gravity, post-Newtonian limit, gravitational radiation},
	Month = mar,
	Pages = {3},
	Title = {{The Confrontation between General Relativity and Experiment}},
	Volume = 9,
	Year = 2006,
	Bdsk-Url-1 = {http://dx.doi.org/10.12942/lrr-2006-3}}

@article{1975ApJ...195L..51H,
	Adsnote = {Provided by the SAO/NASA Astrophysics Data System},
	Adsurl = {http://adsabs.harvard.edu/abs/1975ApJ...195L..51H},
	Author = {{Hulse}, R.~A. and {Taylor}, J.~H.},
	Doi = {10.1086/181708},
	Journal = {The Astrophysical Journal},
	Keywords = {Binary Stars, Orbital Elements, Pulsars, Relativistic Effects, Black Holes (Astronomy), Companion Stars, Eccentric Orbits, Mass Ratios, Neutron Stars, Radial Velocity, Velocity Distribution},
	Month = jan,
	Pages = {L51-L53},
	Title = {{Discovery of a pulsar in a binary system}},
	Volume = 195,
	Year = 1975,
	Bdsk-Url-1 = {http://dx.doi.org/10.1086/181708}}

@article{Robinson-Vecchio:2011,
	Author = {E. Robinson and A. Vecchio},
	Journal = {LIGO-P1100107},
	Title = {A Bayesian approach for gravitational wave stochastic signals with ground-based laser interferometers},
	Year = {2011}}

@article{Adams-Cornish:2010,
	Archiveprefix = {arXiv},
	Author = {Adams, {Matthew R.} and Cornish, {Neil J.}},
	Doi = {10.1103/PhysRevD.82.022002},
	Eprint = {1002.1291},
	Journal = {Phys. Rev.},
	Pages = {022002},
	Primaryclass = {gr-qc},
	Slaccitation = {CITATION = 1002.1291},
	Title = {Discriminating between a Stochastic Gravitational Wave Background and Instrument Noise},
	Volume = {D82},
	Year = {2010},
	Bdsk-Url-1 = {http://dx.doi.org/10.1103/PhysRevD.82.022002}}
	
@article{Adams:2013qma,
      author         = "Adams, Matthew R. and Cornish, Neil J.",
      title          = "{Detecting a Stochastic Gravitational Wave Background in
                        the presence of a Galactic Foreground and Instrument
                        Noise}",
      journal        = "Phys. Rev.",
      volume         = "D89",
      year           = "2014",
      number         = "2",
      pages          = "022001",
      doi            = "10.1103/PhysRevD.89.022001",
      eprint         = "1307.4116",
      archivePrefix  = "arXiv",
      primaryClass   = "gr-qc",
      SLACcitation   = "%%CITATION = ARXIV:1307.4116;%%"
}

@inproceedings{Finn:1997,
	Author = {L.S. Finn},
	Booktitle = {Edoardo Amaldi Foundation Series: Second Edoardo Amaldi Conference on Gravitational Waves},
	Editor = {E. Coccia and G. Veneziano and G. Pizzella},
	Pages = {180-191},
	Publisher = {World Scientific},
	Title = {Issues in gravitational wave data analysis},
	Volume = {4},
	Year = {1998}}

@unpublished{Finn:1998,
	Archiveprefix = {arXiv},
	Author = {Finn, Lee Samuel},
	Eprint = {gr-qc/9903107},
	Note = {gr-qc/9903107},
	Slaccitation = {%%CITATION = GR-QC/9903107;%%},
	Title = {{Gravitational radiation sources and signatures}},
	Year = {1998}}

@ARTICLE{Jaffe-Backer:2003,
   author = {{Jaffe}, A.~H. and {Backer}, D.~C.},
    title = "{Gravitational Waves Probe the Coalescence Rate of Massive Black Hole Binaries}",
  journal = {\apj},
   eprint = {astro-ph/0210148},
 keywords = {Black Hole Physics, Galaxies: Interactions, Gravitational Waves},
     year = 2003,
    month = feb,
   volume = 583,
    pages = {616-631},
      doi = {10.1086/345443},
   adsurl = {http://adsabs.harvard.edu/abs/2003ApJ...583..616J},
  adsnote = {Provided by the SAO/NASA Astrophysics Data System}
}

@article{Jenet:2005,
	Author = {F.A. Jenet and G.B. Hobbs and K.J. Lee and R.N. Manchester},
	Journal = {Astrophysical Journal},
	Pages = {L123-L126},
	Title = {Detecting the stochastic gravitational wave background using pulsar timing},
	Volume = {625},
	Year = {2005}}

@article{Jenet:2006,
	Author = {F.A. Jenet and others},
	Journal = {Astrophysical Journal},
	Pages = {1571-1576},
	Title = {Upper bounds on the low-frequency stochastic gravitational wave background from pulsar timing observations: Current limits and future prospects},
	Volume = {653},
	Year = {2006}}

@inbook{Thorne:1987,
	Author = {K.S. Thorne},
	Chapter = {Gravitational Radiation},
	Opteditor = {S.W. Hawking and W. Israel},
	Publisher = {University of Chicago Press and Chicago},
	Title = {300 Years of Gravitation},
	Year = {1987}}

@ARTICLE{Cornish-Larson:2001,
   author = {{Cornish}, N.~J. and {Larson}, S.~L.},
    title = "{Space missions to detect the cosmic gravitational-wave background}",
  journal = {Classical and Quantum Gravity},
   eprint = {gr-qc/0103075},
     year = 2001,
    month = sep,
   volume = 18,
    pages = {3473-3495},
      doi = {10.1088/0264-9381/18/17/308},
   adsurl = {http://adsabs.harvard.edu/abs/2001CQGra..18.3473C},
  adsnote = {Provided by the SAO/NASA Astrophysics Data System}
}

@article{Estabrook:1985,
	Author = {F.B. Estabrook},
	Journal = {Gen. Rel. Grav.},
	Optnumber = {8},
	Pages = {719},
	Title = {Response Functions of Free Mass Gravitational Wave Antennas},
	Volume = {17},
	Year = {1985}}

@article{Nishizawa:2008,
	Author = {A. Nishizawa and others},
	Journal = {PRD},
	Pages = {022002},
	Title = {Laser-interferometric detectors for gravitational wave background at 100 MHz: Detector design and sensitivity},
	Volume = {77},
	Year = {2008}}

@article{Abbott:2007,
	Author = {B. Abbott and others},
	Journal = {\prd},
	Pages = {022001},
	Title = {First Cross-Correlation Analysis of Interferometric and Resonant-Bar Gravitational-Wave Data for Stochastic Backgrounds},
	Volume = {76},
	Year = {2007}}

@techreport{Abbott:2007a,
	Author = {B. Abbott and others},
	Number = {P070082-04},
	Title = {LIGO: The Laser Interferometer Gravitational-Wave Observatory},
	Type = {LIGO Technical Report},
	Year = {2007}}

@article{Barish:1999,
	Author = {B. C. Barish and R. Weiss},
	Journal = {Phys. Today},
	Optmonth = {October},
	Optpages = {44-50},
	Pages = {44},
	Title = {LIGO and the Detection of Gravitational Waves},
	Volume = {52},
	Year = {1999}}

@article{Baskaran-Grishchuk:2004,
	Author = {D. Baskaran and L. P. Grishchuk},
	Journal = {CQG},
	Optpages = {4041--4061},
	Pages = {4041},
	Title = {Components of the gravitational force in the field of a gravitational wave},
	Volume = {21},
	Year = {2004}}

@inbook{Blandford:2003,
	Author = {R. Blandford and Kip S. Thorne},
	Chapter = {26},
	Note = {available from ``http://www.pma.caltech.edu/Courses/ph136/yr2002''},
	Publisher = {California Institute of Technology and Pasadena},
	Title = {Ph 136: Applications of Classical Physics},
	Year = {2003}}

@article{Bradaschia:1990,
	Author = {C. Bradaschia and others},
	Journal = {NIM},
	Optjournal = {Nuclear Instruments and Methods in Physics Research A},
	Optnumber = {3},
	Optpages = {518-525},
	Pages = {518},
	Title = {The {VIRGO} Project -- a wide band antenna for gravitational-wave detection},
	Volume = {289},
	Year = {1990}}

@phdthesis{Christensen:PhD,
	Author = {N. Christensen},
	Optaddress = {Cambridge and Massachusetts},
	Optmonth = {May 24},
	School = {Massachusetts Institute of Technology},
	Title = {On Measuring the Stochastic Gravitational Radiation Background with Laser Interferometric Antennas},
	Year = {1990}}

@article{Cornish-Rubbo:2003,
	Author = {N. J. Cornish and L. J. Rubbo},
	Journal = {PRD},
	Pages = {022001},
	Title = {{LISA}, response function},
	Volume = {67},
	Year = {2003}}

@article{Dupuis-Woan:2005,
	Author = {R. J. Dupuis and G. Woan},
	Journal = {PRD},
	Pages = {102002},
	Volume = {72},
	Year = {2005}}

@techreport{Forrest:2007,
	Author = {C. Forrest and T. Fricke and S. Giampanis and A. Melissinos},
	Number = {T070228},
	Optinstitution = {California Institute of Technology},
	Optnumber = {T070228-00-Z},
	Title = {Search for a diurnal variation of the power detected at the {FSR}, frequency.},
	Type = {LIGO Technical Report},
	Year = {2007}}

@article{Grishchuk:1977,
	Author = {L. P. Grishchuk},
	Journal = {Soviet Physics and Uspekhi},
	Optmonth = {April},
	Optnumber = {4},
	Optpages = {319--334},
	Pages = {319},
	Title = {Gravitational waves in the cosmos and the laboratory},
	Volume = {20},
	Year = {1977}}

@incollection{Gursel:1984,
	Author = {Y. {G\"{u},rsel} and P. Linsay and R. Spero P. Saulson and S. Whitcomb and R. Weiss},
	Booktitle = {A Study of a Long Baseline Gravitational Wave Antenna System},
	Publisher = {National Science Foundation Report},
	Title = {Response of a free mass interferometric antenna to gravitational wave excitation},
	Year = {1984}}

@article{Larson-et-al:2000,
	Author = {S. L. Larson and W. A. Hiscock and R. W. Hellings},
	Journal = {PRD},
	Pages = {062001},
	Title = {Sensitivity curves for spaceborne gravitational wave interferometers},
	Volume = {62},
	Year = {2000}}

@book{MTW:1973,
	Address = {San Francisco},
	Author = {C. W. Misner and K. S. Thorne and J. A. Wheeler},
	Key = {Misner:1973},
	Publisher = {W.H. Freeman and Company},
	Title = {Gravitation},
	Year = {1973}}

@techreport{Rakhmanov_2:2006,
	Author = {M. Rakhmanov},
	Number = {T060237},
	Optaddress = {Pasadena and California},
	Optinstitution = {California Institute of Technology},
	Title = {Response of {LIGO} 4-km interferometers to gravitational waves at high frequencies and in the vicinity of the {FSR}, (37.5 {kHz},).},
	Type = {LIGO Technical Report},
	Year = {2006}}

@phdthesis{Rakhmanov:PhD,
	Author = {M. Rakhmanov},
	Optaddress = {Pasadena and California},
	Optmonth = {May 24},
	School = {California Institute of Technology},
	Title = {Dynamics of Laser Interferometric Gravitational Wave Detectors},
	Year = {2000}}

@book{Saulson:1994,
	Address = {Singapore},
	Author = {P.R. Saulson},
	Publisher = {World Scientific},
	Title = {Fundamentals of Interferometric Gravitational Wave Detectors},
	Year = {1994}}

@article{Schilling:1997,
	Author = {R. Schilling},
	Journal = {\cqg},
	Optmonth = {June},
	Optnumber = {6},
	Optpages = {1513-1519},
	Pages = {1513},
	Title = {Angular and frequency response of {LISA},},
	Volume = {14},
	Year = {1997}}

@article{Schutz:1987,
	Author = {B. F. Schutz and M. Tinto},
	Journal = {Mon. Not. R. Astr. Soc.},
	Optjournal = {\MNRAS},
	Optpages = {131-154},
	Pages = {131},
	Title = {Antenna patterns of interferometric detectors of gravitational waves -- I. Linearly polarized waves},
	Volume = {224},
	Year = {1987}}

@book{Schutz:1985,
	Address = {Cambridge},
	Author = {B. F. Schutz},
	Publisher = {Cambridge University Press},
	Title = {A first course in general relativity},
	Year = {1985}}

@techreport{Whelan:2007,
	Author = {John T. Whelan},
	Number = {T070172},
	Optinstitution = {California Institute of Technology},
	Optnumber = {T070172-00-Z},
	Title = {Higher-frequency corrections to stochastic formulae.},
	Type = {LIGO Technical Report},
	Year = {2007}}

@article{Willke:2002,
	Author = {B. Willke and others},
	Journal = {\cqg},
	Number = {7},
	Pages = {1377},
	Title = {The GEO 600 gravitational wave detector},
	Url = {http://stacks.iop.org/0264-9381/19/i=7/a=321},
	Volume = {19},
	Year = {2002},
	Bdsk-Url-1 = {http://stacks.iop.org/0264-9381/19/i=7/a=321}}

@article{driggers-et-al,
	Author = {J.C. Driggers and J. Harms and R. Adhikari},
	Journal = {LIGO-P1200017},
	Title = {Subtraction of Newtonian Noise Using Optimized Sensor Arrays},
	Year = {2012}}

@article{lazzarini-et-al:2004,
	Author = {A. Lazzarini and S. Bose and P. Fritschel and M. McHugh T. Regimbau and K. Reilly and J.D. Romano and J.T. Whelan and S. Whitcomb and B.F. Whiting},
	Journal = {\prd},
	Pages = {062001},
	Title = {Optimal combination of signals from co-located gravitational-wave interferometers for use in searches for a stochastic background},
	Volume = {70},
	Year = {2004}}

@article{vanHaasteren-et-al:2009,
	Author = {R. van Haasteren and Y. Levin and P. McDonald and T. Lu},
	Journal = {\mnras},
	Pages = {1005-1014},
	Title = "{On measuring the gravitational-wave background using Pulsar Timing Arrays}",
	Volume = {395},
	Year = {2009}}

@article{vanHaasteren-et-al:2011,
	Author = {R. van Haasteren and others},
	Journal = {\mnras},
	Pages = {3117-3128},
	Title = "{Placing limits on the stochastic gravitational-wave background using European Pulsar Timing Array data}",
	Volume = {414},
	Year = {2011}}

@ARTICLE{Tinto-et-al:2001,
   author = {{Tinto}, M. and {Armstrong}, J.~W. and {Estabrook}, F.~B.},
    title = "{Discriminating a gravitational-wave background from instrumental noise using time-delay interferometry}",
  journal = {Classical and Quantum Gravity},
     year = 2001,
    month = oct,
   volume = 18,
    pages = {4081-4086},
      doi = {10.1088/0264-9381/18/19/316},
   adsurl = {http://adsabs.harvard.edu/abs/2001CQGra..18.4081T},
  adsnote = {Provided by the SAO/NASA Astrophysics Data System}
}

@ARTICLE{Hogan-Bender:2001,
   author = {{Hogan}, C.~J. and {Bender}, P.~L.},
    title = "{Estimating stochastic gravitational wave backgrounds with the Sagnac calibration}",
  journal = {\prd},
   eprint = {astro-ph/0104266},
 keywords = {Gravitational wave detectors and experiments, Interferometers, Gravitational radiation detectors, mass spectrometers, and other instrumentation and techniques, Background radiations},
     year = 2001,
    month = sep,
   volume = 64,
   number = 6,
      eid = {062002},
    pages = {062002},
      doi = {10.1103/PhysRevD.64.062002},
   adsurl = {http://adsabs.harvard.edu/abs/2001PhRvD..64f2002H},
  adsnote = {Provided by the SAO/NASA Astrophysics Data System}
}

@ARTICLE{Bender-Hils:1997,
   author = {{Bender}, P.~L. and {Hils}, D.},
    title = "{Confusion noise level due to galactic and extragalactic binaries}",
  journal = {Classical and Quantum Gravity},
     year = 1997,
    month = jun,
   volume = 14,
    pages = {1439-1444},
      doi = {10.1088/0264-9381/14/6/008},
   adsurl = {http://adsabs.harvard.edu/abs/1997CQGra..14.1439B},
  adsnote = {Provided by the SAO/NASA Astrophysics Data System}
}

@ARTICLE{Hils-Bender:2000,
   author = {{Hils}, D. and {Bender}, P.~L.},
    title = "{Gravitational Radiation from Helium Cataclysmics}",
  journal = {\apj},
 keywords = {Stars: Binaries: Close, Gravitation, Stars: Novae, Cataclysmic Variables, Stars: White Dwarfs},
     year = 2000,
    month = jul,
   volume = 537,
    pages = {334-341},
      doi = {10.1086/308997},
   adsurl = {http://adsabs.harvard.edu/abs/2000ApJ...537..334H},
  adsnote = {Provided by the SAO/NASA Astrophysics Data System}
}

@ARTICLE{Hils-et-al:1990,
   author = {{Hils}, D. and {Bender}, P.~L. and {Webbink}, R.~F.},
    title = "{Gravitational radiation from the Galaxy}",
  journal = {\apj},
 keywords = {Gravitational Effects, Gravitational Waves, Milky Way Galaxy, Stellar Evolution, Binary Stars, Black Holes (Astronomy), Cataclysmic Variables, Neutron Stars, White Dwarf Stars},
     year = 1990,
    month = sep,
   volume = 360,
    pages = {75-94},
      doi = {10.1086/169098},
   adsurl = {http://adsabs.harvard.edu/abs/1990ApJ...360...75H},
  adsnote = {Provided by the SAO/NASA Astrophysics Data System}
}

@ARTICLE{Nelemans-et-al:2001,
   author = {{Nelemans}, G. and {Yungelson}, L.~R. and {Portegies Zwart}, S.~F.
	},
    title = "{The gravitational wave signal from the Galactic disk population of binaries containing two compact objects}",
  journal = {\aap},
   eprint = {astro-ph/0105221},
 keywords = {GRAVITATIONAL WAVES, STARS: STATISTICS, BINARIES: CLOSE, GALAXY: STELLAR CONTENT},
     year = 2001,
    month = sep,
   volume = 375,
    pages = {890-898},
      doi = {10.1051/0004-6361:20010683},
   adsurl = {http://adsabs.harvard.edu/abs/2001A%26A...375..890N},
  adsnote = {Provided by the SAO/NASA Astrophysics Data System}
}

@article{Grishchuk:1988,
	Author = {L.P. Grishchuk},
	Journal = {Soviet Physics Uspekhi},
	Pages = {940},
	Title = {Gravitational-wave astronomy},
	Volume = {31},
	Year = {1988}}

@article{Grishchuk-et-al:2001,
	Author = {Leonid P. Grishchuk and V. M. Lipunov and Konstantin A. Postnov and Mikhail E. Prokhorov and B. S. Sathyaprakash},
	Journal = {Physics-Uspekhi},
	Number = {1},
	Pages = {1},
	Title = {Gravitational wave astronomy: in anticipation of first sources to be detected},
	Url = {http://stacks.iop.org/1063-7869/44/i=1/a=R01},
	Volume = {44},
	Year = {2001},
	Bdsk-Url-1 = {http://stacks.iop.org/1063-7869/44/i=1/a=R01}}

@article{Penzias-Wilson:1965,
	Author = {A.A. Penzias and R.W. Wilson},
	Journal = {Astroph. J.},
	Pages = {419},
	Title = {A Measurement of Excess Antenna Temperature at 4080 Mc/s},
	Volume = {142},
	Year = {1965}}

@article{WMAP-7year-skymaps:2011,
	Author = {Jarosik and N. and Bennett and C.L. and Dunkley and J. and Gold and B. Greason and M.R. and Halpern and M. and Hill and R.S. and Hinshaw and G. and Kogut and A. and Komatsu and E. and Larson and D. and Limon and M. and Meyer and S.S. and Nolta and M.R. and Odegard and N. and Pages and L. and Smith and K.M. and Spergel and D.N. and Tucker and G.S. and Weiland and J.L. and Wollack and E. and Wright and E.L.},
	Title = {Seven-year Wilkinson Microwave Anisotropy Probe (WMAP) Observations: Sky Maps and Systematic Errors and and Basic Results}}

@article{BBO,
	Author = {E.S. Phinney and others},
	Journal = {The Big Bang Observer: direct detection of gravitational waves from the birth of the universe to the present, NASA Mission Concept Study},
	Year = {2004}}

@article{ALLEGRO-LLO,
	Author = {B. Abbott and others},
	Journal = {\prd},
	Pages = {022001},
	Title = {First Cross-Correlation Analysis of Interferometric and Resonant-Bar Gravitational-Wave Data for Stochastic Backgrounds},
	Volume = {76},
	Year = {2007}}

@INPROCEEDINGS{Allen:1997,
   author = {{Allen}, B.},
    title = "{The Stochastic Gravity-Wave Background: Sources and Detection}",
booktitle = {Relativistic Gravitation and Gravitational Radiation},
     year = 1997,
   eprint = {gr-qc/9604033},
   editor = {{Marck}, J.-A. and {Lasota}, J.-P.},
    pages = {373},
   adsurl = {http://adsabs.harvard.edu/abs/1997rggr.conf..373A},
  adsnote = {Provided by the SAO/NASA Astrophysics Data System}
}

@article{Rakhmanov-et-al:2008,
	Author = {M. Rakhmanov and J. D. Romano and J. T. Whelan},
	Journal = {\cqg},
	Pages = {184017},
	Title = {High-frequency corrections to the detector response and their effect on searches for gravitational waves},
	Volume = {25},
	Year = {2008}}

@article{S1,
	Author = {B. Abbott and others},
	Journal = {Nuclear Instruments and Methods in Physics Research Section A},
	Pages = {154},
	Title = {Detector description and performance for the first coincidence observations between {LIGO} and GEO},
	Volume = {517},
	Year = {2004}}

@article{LIGOdescription,
	Author = {B. Abbott and others},
	Journal = {Reports on Progress in Physics},
	Pages = {076901},
	Title = {LIGO: the Laser Interferometer Gravitational-Wave Observatory},
	Volume = {72},
	Year = {2009}}

@article{Virgo,
	Author = {F. Acernese and others},
	Journal = {\cqg},
	Pages = {114045},
	Title = {Status of {Virgo}},
	Volume = {25},
	Year = {2008}}

@ARTICLE{Allen-et-al:2002,
   author = {{Allen}, B. and {Creighton}, J.~D. and {Flanagan}, {\'E}.~{\'E}. and {Romano}, J.~D.},
    title = "{Robust statistics for deterministic and stochastic gravitational waves in non-Gaussian noise: Frequentist analyses}",
  journal = {\prd},
   eprint = {gr-qc/0105100},
 keywords = {Gravitational wave detectors and experiments, Wave generation and sources, Data analysis: algorithms and implementation, data management, Gravitational radiation detectors, mass spectrometers, and other instrumentation and techniques},
     year = 2002,
    month = jun,
   volume = 65,
   number = 12,
      eid = {122002},
    pages = {122002},
      doi = {10.1103/PhysRevD.65.122002},
   adsurl = {http://adsabs.harvard.edu/abs/2002PhRvD..65l2002A},
  adsnote = {Provided by the SAO/NASA Astrophysics Data System}
}

@article{Allen:2002jw,
      author         = "Allen, Bruce and Creighton, Jolien D. E. and Flanagan,
                        Eanna E. and Romano, Joseph D.",
      title          = "{Robust statistics for deterministic and stochastic
                        gravitational waves in nonGaussian noise. 2. Bayesian
                        analyses}",
      journal        = "Phys. Rev.",
      volume         = "D67",
      year           = "2003",
      pages          = "122002",
      doi            = "10.1103/PhysRevD.67.122002",
      eprint         = "gr-qc/0205015",
      archivePrefix  = "arXiv",
      primaryClass   = "gr-qc",
      SLACcitation   = "%%CITATION = GR-QC/0205015;%%"
}

@article{optimalcombination,
	Author = {A. Lazzarini and S. Bose and P. Fritschel and M.~McHugh and T. Regimbau and K. Reilly and J. D. Romano and J. T. Whelan and S. Whitcomb and B.F. Whiting},
	Journal = {\prd},
	Pages = {062001},
	Title = {Optimal combination of signals from co-located gravitational wave interferometers for use in searches for a stochastic background},
	Volume = {70},
	Year = {2004}}

@article{GEO600,
	Author = {B. Willke and others},
	Journal = {\cqg},
	Pages = {S207},
	Title = {The {GEO}-{HF} project},
	Volume = {23},
	Year = {2006}}

@article{hubble,
	Author = {C. Bennet and others},
	Journal = {Astrophysical Journal Supplement Series},
	Pages = {1},
	Title = {First-Year {\it Wilkinson Microwave Anisotropy Probe (WMAP)}, Observations: Preliminary Maps and Basic Results},
	Volume = {148},
	Year = {2003}}

@article{S1HLiso,
	Author = {B. Abbott and others},
	Journal = {\prd},
	Pages = {122004},
	Title = {Analysis of first {LIGO} science data for stochastic gravitational waves},
	Volume = {69},
	Year = {2004}}

@article{S3HLiso,
	Author = {B. Abbott and others},
	Journal = {Physical Review Letters},
	Pages = {221101},
	Title = {Upper limits on a stochastic background of gravitational waves},
	Volume = {95},
	Year = {2005}}

@article{S4HLiso,
	Author = {B. Abbott and others},
	Journal = {Astrophysical Journal},
	Pages = {918},
	Title = {Searching for a Stochastic Background of Gravitational Waves with the Laser Interferometer Gravitational-Wave Observatory},
	Volume = {659},
	Year = {2007}}

@article{aLIGO:2007,
	Author = {Advanced {LIGO} Team},
	Journal = {http://www.ligo.caltech.edu/docs/M/M060056-10.pdf},
	Title = {Advanced {LIGO} Reference Design},
	Volume = {LIGO preprint},
	Year = {2007}}
	
@article{Lazz:2004,
	Author = {A. Lazzarini and J. Romano},
	Journal = {https://dcc.ligo.org/T040089/public},
	Title = {Use of Overlapping Windows in the Stochastic Background Search},
	Volume = {LIGO preprint},
	Year = {2004}}

@article{aLIGO:2010,
	Author = {Gregory M. Harry (for the {LIGO} Scientific Collaboration)},
	Journal = {\cqg},
	Pages = {084006},
	Title = {Advanced LIGO: the next generation of gravitational wave detectors},
	Volume = {27},
	Year = {2010}}

@article{LISA-PrePhaseA:1998,
	Author = {P.L. Bender and K. Danzmann and the LISA Study Team},
	Journal = {2nd Edition and Max-Plank Institut fuer Quantenoptik and MPQ233},
	Title = {Laser Interferometer Space Antenna for the detection and observation of gravitational waves: Pre-phase A report},
	Year = {1998}}

@article{WMAP:2009,
	Author = {E. Komatsu and others},
	Journal = {Astrophysical Journal Supplement Series},
	Pages = {330},
	Title = {Five-Year Wilkinson Microwave Anisotropy Probe (WMAP) Observations: Cosmological Interpretation},
	Volume = {180},
	Year = {2009}}

@article{1999gr.qc.....9083A,
	Adsnote = {Provided by the SAO/NASA Astrophysics Data System},
	Adsurl = {http://adsabs.harvard.edu/abs/1999gr.qc.....9083A},
	Author = {Allen, B. and Hua, W. and Ottewill, A.},
	Eprint = {arXiv:gr-qc/9909083},
	Journal = {ArXiv General Relativity and Quantum Cosmology e-prints},
	Month = sep,
	Title = {Automatic cross-talk removal from multi-channel data},
	Year = 1999}

@misc{ARCC,
	Howpublished = {{\verb!http://arcc.phys.utb.edu/scholars !}},
	Title = {{ARCC} program at {UTB}, funded by {NSF}}}

@article{Harry:2010,
	Author = {G. Harry and others},
	Journal = {\cqg},
	Pages = {084006},
	Title = {Advanced {LIGO}: the next generation of gravitational wave detectors},
	Volume = {27},
	Year = {2010}}

@ARTICLE{Taylor-et-al:EPTA-anisotropic,
   author = {{Taylor}, S.~R. and {Mingarelli}, C.~M.~F. and {Gair}, J.~R. and 
	{Sesana}, A. and {Theureau}, G. and {Babak}, S. and {Bassa}, C.~G. and 
	{Brem}, P. and {Burgay}, M. and {Caballero}, R.~N. and {Champion}, D.~J. and 
	{Cognard}, I. and {Desvignes}, G. and {Guillemot}, L. and {Hessels}, J.~W.~T. and 
	{Janssen}, G.~H. and {Karuppusamy}, R. and {Kramer}, M. and 
	{Lassus}, A. and {Lazarus}, P. and {Lentati}, L. and {Liu}, K. and 
	{Os{\l}owski}, S. and {Perrodin}, D. and {Petiteau}, A. and 
	{Possenti}, A. and {Purver}, M.~B. and {Rosado}, P.~A. and {Sanidas}, S.~A. and 
	{Smits}, R. and {Stappers}, B. and {Tiburzi}, C. and {van Haasteren}, R. and 
	{Vecchio}, A. and {Verbiest}, J.~P.~W. and {EPTA Collaboration}
	},
    title = "{Limits on Anisotropy in the Nanohertz Stochastic Gravitational Wave Background}",
  journal = {Physical Review Letters},
archivePrefix = "arXiv",
   eprint = {1506.08817},
 primaryClass = "astro-ph.HE",
 keywords = {Gravitational wave detectors and experiments, Gravitational waves: theory, Pulsars, Galaxy mergers collisions and tidal interactions},
     year = 2015,
    month = jul,
   volume = 115,
   number = 4,
      eid = {041101},
    pages = {041101},
      doi = {10.1103/PhysRevLett.115.041101},
   adsurl = {http://adsabs.harvard.edu/abs/2015PhRvL.115d1101T},
  adsnote = {Provided by the SAO/NASA Astrophysics Data System}
}

@article{Abadie-et-al:S5-anisotropic,
	Author = {J. Abadie and others},
	Collaboration = {LIGO Scientific Collaboration and Virgo Collaboration},
	Doi = {10.1103/PhysRevLett.107.271102},
	Issue = {27},
	Journal = {Phys. Rev. Lett.},
	Month = {Dec},
	Numpages = {9},
	Pages = {271102},
	Publisher = {American Physical Society},
	Title = {{Directional Limits on Persistent Gravitational Waves Using LIGO S5 Science Data}},
	Url = {http://link.aps.org/doi/10.1103/PhysRevLett.107.271102},
	Volume = {107},
	Year = {2011}}
	%Bdsk-Url-1 = {http://link.aps.org/doi/10.1103/PhysRevLett.107.271102},
	%Bdsk-Url-2 = {http://dx.doi.org/10.1103/PhysRevLett.107.271102}}

@ARTICLE{Abbott-et-al:S5-isotropic,
   author = {{Abbott}, B.~P. and {Abbott}, R. and {Acernese}, F. and {Adhikari}, R. and 
	{Ajith}, P. and {Allen}, B. and {Allen}, G. and {Alshourbagy}, M. and 
	{Amin}, R.~S. and {Anderson}, S.~B. and et al.},
    title = "{An upper limit on the stochastic gravitational-wave background of cosmological origin}",
  journal = {\nat},
archivePrefix = "arXiv",
   eprint = {0910.5772},
 primaryClass = "astro-ph.CO",
     year = 2009,
    month = aug,
   volume = 460,
    pages = {990-994},
      doi = {10.1038/nature08278},
   adsurl = {http://adsabs.harvard.edu/abs/2009Natur.460..990A},
  adsnote = {Provided by the SAO/NASA Astrophysics Data System}
}

@ARTICLE{Anholm-et-al:2009,
   author = {{Anholm}, M. and {Ballmer}, S. and {Creighton}, J.~D.~E. and 
	{Price}, L.~R. and {Siemens}, X.},
    title = "{Optimal strategies for gravitational wave stochastic background searches in pulsar timing data}",
  journal = {\prd},
archivePrefix = "arXiv",
   eprint = {0809.0701},
 primaryClass = "gr-qc",
 keywords = {Wave generation and sources, Gravitational wave detectors and experiments},
     year = 2009,
    month = apr,
   volume = 79,
   number = 8,
      eid = {084030},
    pages = {084030},
      doi = {10.1103/PhysRevD.79.084030},
   adsurl = {http://adsabs.harvard.edu/abs/2009PhRvD..79h4030A},
  adsnote = {Provided by the SAO/NASA Astrophysics Data System}
}

@misc{TACC,
	Title = {{TACC:} TEXAS ADVANCED COMPUTING CENTER, www.tacc.utexas.edu}}

@ARTICLE{fakeprior,
author = {Cong Han and Bradley P Carlin},
title = {Markov Chain Monte Carlo Methods for Computing Bayes Factors},
journal = {Journal of the American Statistical Association},
volume = {96},
number = {455},
pages = {1122-1132},
year = {2001},
doi = {10.1198/016214501753208780}
}

@article{Littenberg:2010gf,
      author         = "Littenberg, Tyson B. and Cornish, Neil J.",
      title          = "{Separating Gravitational Wave Signals from Instrument
                        Artifacts}",
      journal        = "Phys. Rev.",
      volume         = "D82",
      year           = "2010",
      pages          = "103007",
      doi            = "10.1103/PhysRevD.82.103007",
      eprint         = "1008.1577",
      archivePrefix  = "arXiv",
      primaryClass   = "gr-qc",
      SLACcitation   = "%%CITATION = ARXIV:1008.1577;%%"
}

@article{kruschke2013bayesian,
  title={Bayesian estimation supersedes the t test.},
  author={Kruschke, John K},
  journal={Journal of Experimental Psychology: General},
  volume={142},
  number={2},
  pages={573--603},
  year={2013},
  publisher={American Psychological Association}
}


@article{SPIEGELHALTER01011980,
author = {SPIEGELHALTER, D. J.}, 
title = {An omnibus test for normality for small samples},
volume = {67}, 
number = {2}, 
pages = {493-496}, 
year = {1980}, 
doi = {10.1093/biomet/67.2.493}, 
abstract ={An extension of the test statistic of Spiegelhalter (1977) is investigated. The Bayesian background to the test is discussed, and numerical examples display the adaptive nature of the statistic. A small simulation study indicates good power properties against all alternatives for n = 20, and symmetric alternatives for n = 50.}, 
URL = {http://biomet.oxfordjournals.org/content/67/2/493.abstract}, 
eprint = {http://biomet.oxfordjournals.org/content/67/2/493.full.pdf+html}, 
journal = {Biometrika} 
}

@Inbook{Seier2011,
author="Seier, Edith",
editor="Lovric, Miodrag",
chapter="Normality Tests: Power Comparison",
title="International Encyclopedia of Statistical Science",
year="2011",
publisher="Springer Berlin Heidelberg",
address="Berlin, Heidelberg",
pages="1000--1003",
isbn="978-3-642-04898-2",
doi="10.1007/978-3-642-04898-2_421",
url="http://dx.doi.org/10.1007/978-3-642-04898-2_421"
}


@ARTICLE{2011arXiv1109.4174D,
   author = {{Dahlhaus}, R.},
    title = "{Locally Stationary Processes}",
  journal = {ArXiv e-prints},
archivePrefix = "arXiv",
   eprint = {1109.4174},
 primaryClass = "math.ST",
 keywords = {Mathematics - Statistics Theory, 62M10},
     year = 2011,
    month = sep,
   adsurl = {http://adsabs.harvard.edu/abs/2011arXiv1109.4174D},
  adsnote = {Provided by the SAO/NASA Astrophysics Data System}
}


@article {RSSB:RSSB231,
author = {Nason, G. P. and Von Sachs, R. and Kroisandt, G.},
title = {Wavelet processes and adaptive estimation of the evolutionary wavelet spectrum},
journal = {Journal of the Royal Statistical Society: Series B (Statistical Methodology)},
volume = {62},
number = {2},
publisher = {Blackwell Publishers Ltd.},
issn = {1467-9868},
url = {http://dx.doi.org/10.1111/1467-9868.00231},
doi = {10.1111/1467-9868.00231},
pages = {271--292},
keywords = {Local stationarity, Non-linear wavelet shrinkage, Non-stationary time series, Wavelet periodogram, Wavelet processes, Wavelet spectrum},
year = {2000},
}


@ARTICLE{2009arXiv0911.4744D,
   author = {{Dwivedi}, Y. and {Subba Rao}, S.},
    title = "{A test for second order stationarity of a time series based on the Discrete Fourier Transform (Technical Report)}",
  journal = {ArXiv e-prints},
archivePrefix = "arXiv",
   eprint = {0911.4744},
 primaryClass = "stat.ME",
 keywords = {Statistics - Methodology, Mathematics - Statistics},
     year = 2009,
    month = nov,
   adsurl = {http://adsabs.harvard.edu/abs/2009arXiv0911.4744D},
  adsnote = {Provided by the SAO/NASA Astrophysics Data System}
}


@article{10.2307/2984336,
 ISSN = {00359246},
 URL = {http://www.jstor.org/stable/2984336},
 abstract = {We consider the problem of testing a given time-series for stationarity. The approach is based on evolutionary spectral analysis, and the proposed method consists essentially in testing the "homogeneity" of a set of evolutionary spectra evaluated at different instants of time. Using a logarithmic transformation, we show that the mechanics of the test are formally equivalent to a two-factor analysis of variance procedure when the residual variance is known, a priori. In addition to testing stationarity, the analysis provides also a method for testing whether the observed series fits a "uniformly modulated" model, and a test for "randomness" (constancy of spectra).},
 author = {M. B. Priestley, T. Subba Rao},
 journal = {Journal of the Royal Statistical Society. Series B (Methodological)},
 number = {1},
 pages = {140-149},
 publisher = {[Royal Statistical Society, Wiley]},
 title = {A Test for Non-Stationarity of Time-Series},
 volume = {31},
 year = {1969}
}


@article{Muller2005195,
title = "Size and power of tests of stationarity in highly autocorrelated time series ",
journal = "Journal of Econometrics ",
volume = "128",
number = "2",
pages = "195 - 213",
year = "2005",
note = "",
issn = "0304-4076",
doi = "http://dx.doi.org/10.1016/j.jeconom.2004.08.012",
url = "http://www.sciencedirect.com/science/article/pii/S030440760400154X",
author = "Ulrich K. Muller",
}


@INPROCEEDINGS{389899, 
author={D. J. Thomson}, 
booktitle={Acoustics, Speech, and Signal Processing, 1994. ICASSP-94., 1994 IEEE International Conference on}, 
title={Jackknifing multiple-window spectra}, 
year={1994}, 
volume={vi}, 
pages={VI/73-VI/76 vol.6}, 
keywords={filtering theory;frequency estimation;signal sampling;spectral analysis;time series;jackknife variance;jackknifing;line frequency parameters;log spectrum estimate;multiple-window estimates;multiple-window spectra;projection filter;resampling;time-series;variance estimate;Amplitude estimation;Bandwidth;Books;Filters;Frequency estimation;Gaussian processes;Parameter estimation;Phase estimation;Statistics;Time series analysis}, 
doi={10.1109/ICASSP.1994.389899}, 
ISSN={1520-6149}, 
month={Apr},}


